product_id,brand,brand_slug,url,product_name,harvested_at,method,form,life_stage,ingredients,ingredients_tokens,allergen_groups,protein_percent,fat_percent,fiber_percent,ash_percent,moisture_percent,kcal_per_100g,pack_size,price,price_per_kg,price_bucket,form_confidence,life_stage_confidence,ingredients_confidence,price_confidence,has_jsonld,jsonld_type,original_brand,original_product_name,product_key,name_slug
belcando_001,Belcando,belcando,https://www.belcando.com/products/1,Belcando Premium Lamb Large Breed,2025-09-10T20:38:05.110450,scrapingbee_simulation,dry,puppy,"salmon, chicken meal, corn, wheat, sweet potato, peas, flaxseed oil, glucosamine, minerals","[""salmon"", ""chicken meal"", ""corn"", ""wheat"", ""sweet potato"", ""peas"", ""flaxseed oil"", ""glucosamine"", ""minerals""]","[""chicken"", ""fish"", ""grain""]",28.4,19.5,4.1,8.5,11.7,362.4,2kg,53.95,26.98,premium,0.95,0.95,0.98,0.9,,,Belcando,Belcando Premium Lamb Large Breed,belcando|belcando_premium_lamb_large_breed|dry,belcando_premium_lamb_large_breed
belcando_002,Belcando,belcando,https://www.belcando.com/products/2,Belcando Active Venison Senior,2025-09-10T20:38:05.110474,scrapingbee_simulation,wet,all,"lamb meal, chicken, barley, corn, sweet potato, carrots, flaxseed oil, glucosamine, chondroitin","[""lamb meal"", ""chicken"", ""barley"", ""corn"", ""sweet potato"", ""carrots"", ""flaxseed oil"", ""glucosamine"", ""chondroitin""]","[""chicken"", ""lamb"", ""grain""]",23.7,19.5,5.2,6.9,9.8,370.8,400g,58.76,146.9,super_premium,0.95,0.95,0.98,0.9,,,Belcando,Belcando Active Venison Senior,belcando|belcando_active_venison_senior|wet,belcando_active_venison_senior
belcando_003,Belcando,belcando,https://www.belcando.com/products/3,Belcando Active Beef Puppy,2025-09-10T20:38:05.110492,scrapingbee_simulation,wet,adult,"lamb meal, chicken meal, corn, wheat, sweet potato, spinach, salmon oil, chondroitin, glucosamine","[""lamb meal"", ""chicken meal"", ""corn"", ""wheat"", ""sweet potato"", ""spinach"", ""salmon oil"", ""chondroitin"", ""glucosamine""]","[""chicken"", ""lamb"", ""fish"", ""grain""]",22.6,16.3,4.2,7.2,8.7,361.2,5kg,57.62,11.52,mid,0.95,0.95,0.98,0.9,,,Belcando,Belcando Active Beef Puppy,belcando|belcando_active_beef_puppy|wet,belcando_active_beef_puppy
belcando_004,Belcando,belcando,https://www.belcando.com/products/4,Belcando Sensitive Lamb Adult,2025-09-10T20:38:05.110508,scrapingbee_simulation,wet,puppy,"salmon, chicken, oats, barley, sweet potato, peas, sunflower oil, vitamins, glucosamine","[""salmon"", ""chicken"", ""oats"", ""barley"", ""sweet potato"", ""peas"", ""sunflower oil"", ""vitamins"", ""glucosamine""]","[""chicken"", ""fish"", ""grain""]",27.6,14.7,5.5,8.2,9.7,341.6,15kg,44.16,2.94,budget,0.95,0.95,0.98,0.9,True,Product,Belcando,Belcando Sensitive Lamb Adult,belcando|belcando_sensitive_lamb_adult|wet,belcando_sensitive_lamb_adult
belcando_005,Belcando,belcando,https://www.belcando.com/products/5,Belcando Light Venison Senior,2025-09-10T20:38:05.110524,scrapingbee_simulation,wet,all,"lamb meal, chicken, rice, corn, peas, sweet potato, chicken fat, glucosamine, chondroitin","[""lamb meal"", ""chicken"", ""rice"", ""corn"", ""peas"", ""sweet potato"", ""chicken fat"", ""glucosamine"", ""chondroitin""]","[""chicken"", ""lamb"", ""grain""]",28.0,18.8,2.9,6.1,11.4,372.6,12kg,51.19,4.27,budget,0.95,0.95,0.98,0.9,True,Product,Belcando,Belcando Light Venison Senior,belcando|belcando_light_venison_senior|wet,belcando_light_venison_senior
belcando_006,Belcando,belcando,https://www.belcando.com/products/6,Belcando Active Lamb Adult,2025-09-10T20:38:05.110540,scrapingbee_simulation,dry,adult,"beef, salmon, wheat, rice, carrots, peas, sunflower oil, vitamins, minerals","[""beef"", ""salmon"", ""wheat"", ""rice"", ""carrots"", ""peas"", ""sunflower oil"", ""vitamins"", ""minerals""]","[""beef"", ""fish"", ""grain""]",20.0,14.5,5.5,7.5,10.8,339.2,1.5kg,59.04,39.36,premium,0.95,0.95,0.98,0.9,True,Product,Belcando,Belcando Active Lamb Adult,belcando|belcando_active_lamb_adult|dry,belcando_active_lamb_adult
belcando_007,Belcando,belcando,https://www.belcando.com/products/7,Belcando Active Duck Senior,2025-09-10T20:38:05.110555,scrapingbee_simulation,dry,adult,"chicken meal, chicken, rice, wheat, peas, spinach, sunflower oil, vitamins, chondroitin","[""chicken meal"", ""chicken"", ""rice"", ""wheat"", ""peas"", ""spinach"", ""sunflower oil"", ""vitamins"", ""chondroitin""]","[""chicken"", ""grain""]",22.5,16.6,5.2,5.3,11.7,355.3,1.5kg,33.75,22.5,premium,0.95,0.95,0.98,0.9,True,Product,Belcando,Belcando Active Duck Senior,belcando|belcando_active_duck_senior|dry,belcando_active_duck_senior
belcando_008,Belcando,belcando,https://www.belcando.com/products/8,Belcando High-Protein Lamb Puppy,2025-09-10T20:38:05.110570,scrapingbee_simulation,,adult,"chicken, beef, corn, barley, spinach, carrots, salmon oil, vitamins, chondroitin","[""chicken"", ""beef"", ""corn"", ""barley"", ""spinach"", ""carrots"", ""salmon oil"", ""vitamins"", ""chondroitin""]","[""chicken"", ""beef"", ""fish"", ""grain""]",25.4,15.4,2.6,8.7,9.6,353.8,5kg,45.35,9.07,economy,0.0,0.95,0.98,0.9,True,Product,Belcando,Belcando High-Protein Lamb Puppy,belcando|belcando_high_protein_lamb_puppy|nan,belcando_high_protein_lamb_puppy
belcando_009,Belcando,belcando,https://www.belcando.com/products/9,Belcando Sensitive Turkey Puppy,2025-09-10T20:38:05.110585,scrapingbee_simulation,wet,puppy,"chicken meal, turkey, corn, oats, peas, sweet potato, salmon oil, glucosamine, chondroitin","[""chicken meal"", ""turkey"", ""corn"", ""oats"", ""peas"", ""sweet potato"", ""salmon oil"", ""glucosamine"", ""chondroitin""]","[""chicken"", ""fish"", ""grain""]",21.2,15.8,5.3,5.8,10.8,352.4,15kg,,,,0.95,0.95,0.98,0.0,True,Product,Belcando,Belcando Sensitive Turkey Puppy,belcando|belcando_sensitive_turkey_puppy|wet,belcando_sensitive_turkey_puppy
belcando_010,Belcando,belcando,https://www.belcando.com/products/10,Belcando High-Protein Salmon Adult,2025-09-10T20:38:05.110599,scrapingbee_simulation,wet,adult,"beef, chicken, rice, oats, peas, sweet potato, flaxseed oil, probiotics, chondroitin","[""beef"", ""chicken"", ""rice"", ""oats"", ""peas"", ""sweet potato"", ""flaxseed oil"", ""probiotics"", ""chondroitin""]","[""chicken"", ""beef""]",22.4,14.2,2.4,8.0,11.1,345.7,800g,37.29,46.61,super_premium,0.95,0.95,0.98,0.9,,,Belcando,Belcando High-Protein Salmon Adult,belcando|belcando_high_protein_salmon_adult|wet,belcando_high_protein_salmon_adult
belcando_011,Belcando,belcando,https://www.belcando.com/products/11,Belcando Sensitive Turkey Senior,2025-09-10T20:38:05.110615,scrapingbee_simulation,wet,puppy,"lamb meal, beef, wheat, rice, spinach, carrots, salmon oil, minerals, chondroitin","[""lamb meal"", ""beef"", ""wheat"", ""rice"", ""spinach"", ""carrots"", ""salmon oil"", ""minerals"", ""chondroitin""]","[""beef"", ""lamb"", ""fish"", ""grain""]",26.7,18.3,5.0,8.9,11.1,354.0,1.5kg,45.68,30.45,premium,0.95,0.95,0.98,0.9,True,Product,Belcando,Belcando Sensitive Turkey Senior,belcando|belcando_sensitive_turkey_senior|wet,belcando_sensitive_turkey_senior
belcando_012,Belcando,belcando,https://www.belcando.com/products/12,Belcando Natural Beef Puppy,2025-09-10T20:38:05.110630,scrapingbee_simulation,dry,puppy,"lamb meal, salmon, barley, rice, peas, sweet potato, chicken fat, vitamins, minerals","[""lamb meal"", ""salmon"", ""barley"", ""rice"", ""peas"", ""sweet potato"", ""chicken fat"", ""vitamins"", ""minerals""]","[""chicken"", ""lamb"", ""fish"", ""grain""]",25.7,8.0,3.8,5.0,8.9,328.0,2kg,57.6,28.8,premium,0.95,0.95,0.98,0.9,True,Product,Belcando,Belcando Natural Beef Puppy,belcando|belcando_natural_beef_puppy|dry,belcando_natural_beef_puppy
belcando_013,Belcando,belcando,https://www.belcando.com/products/13,Belcando Sensitive Beef Small Breed,2025-09-10T20:38:05.110645,scrapingbee_simulation,wet,puppy,"chicken meal, lamb meal, corn, barley, peas, pumpkin, chicken fat, chondroitin, probiotics","[""chicken meal"", ""lamb meal"", ""corn"", ""barley"", ""peas"", ""pumpkin"", ""chicken fat"", ""chondroitin"", ""probiotics""]","[""chicken"", ""lamb"", ""grain""]",20.8,8.0,2.5,8.6,9.1,319.3,800g,53.52,66.9,super_premium,0.95,0.95,0.98,0.9,True,Product,Belcando,Belcando Sensitive Beef Small Breed,belcando|belcando_sensitive_beef_small_breed|wet,belcando_sensitive_beef_small_breed
belcando_014,Belcando,belcando,https://www.belcando.com/products/14,Belcando Light Chicken Adult,2025-09-10T20:38:05.110661,scrapingbee_simulation,dry,adult,"chicken, salmon, rice, oats, pumpkin, spinach, chicken fat, minerals, vitamins","[""chicken"", ""salmon"", ""rice"", ""oats"", ""pumpkin"", ""spinach"", ""chicken fat"", ""minerals"", ""vitamins""]","[""chicken"", ""fish""]",21.3,17.0,3.9,6.3,10.3,363.2,800g,35.81,44.76,super_premium,0.95,0.95,0.98,0.9,,,Belcando,Belcando Light Chicken Adult,belcando|belcando_light_chicken_adult|dry,belcando_light_chicken_adult
belcando_015,Belcando,belcando,https://www.belcando.com/products/15,Belcando Active Lamb Adult,2025-09-10T20:38:05.110676,scrapingbee_simulation,dry,all,"chicken meal, beef, corn, rice, carrots, spinach, chicken fat, probiotics, minerals","[""chicken meal"", ""beef"", ""corn"", ""rice"", ""carrots"", ""spinach"", ""chicken fat"", ""probiotics"", ""minerals""]","[""chicken"", ""beef"", ""grain""]",23.2,9.9,3.7,7.3,9.2,328.8,400g,48.14,120.35,super_premium,0.95,0.95,0.98,0.9,,,Belcando,Belcando Active Lamb Adult,belcando|belcando_active_lamb_adult|dry,belcando_active_lamb_adult
belcando_016,Belcando,belcando,https://www.belcando.com/products/16,Belcando Active Duck Puppy,2025-09-10T20:38:05.110692,scrapingbee_simulation,dry,all,"salmon, chicken meal, barley, oats, peas, pumpkin, chicken fat, minerals, vitamins","[""salmon"", ""chicken meal"", ""barley"", ""oats"", ""peas"", ""pumpkin"", ""chicken fat"", ""minerals"", ""vitamins""]","[""chicken"", ""fish"", ""grain""]",29.0,12.8,2.1,8.5,8.9,345.8,1.5kg,53.07,35.38,premium,0.95,0.95,0.98,0.9,,,Belcando,Belcando Active Duck Puppy,belcando|belcando_active_duck_puppy|dry,belcando_active_duck_puppy
belcando_017,Belcando,belcando,https://www.belcando.com/products/17,Belcando Premium Beef Large Breed,2025-09-10T20:38:05.110706,scrapingbee_simulation,wet,,"chicken meal, salmon, oats, wheat, carrots, spinach, salmon oil, minerals, chondroitin","[""chicken meal"", ""salmon"", ""oats"", ""wheat"", ""carrots"", ""spinach"", ""salmon oil"", ""minerals"", ""chondroitin""]","[""chicken"", ""fish"", ""grain""]",19.5,10.5,3.9,8.4,11.4,319.5,12kg,54.16,4.51,budget,0.95,0.0,0.98,0.9,True,Product,Belcando,Belcando Premium Beef Large Breed,belcando|belcando_premium_beef_large_breed|wet,belcando_premium_beef_large_breed
belcando_018,Belcando,belcando,https://www.belcando.com/products/18,Belcando Natural Duck Small Breed,2025-09-10T20:38:05.110721,scrapingbee_simulation,wet,adult,"turkey, beef, wheat, rice, peas, pumpkin, flaxseed oil, minerals, chondroitin","[""turkey"", ""beef"", ""wheat"", ""rice"", ""peas"", ""pumpkin"", ""flaxseed oil"", ""minerals"", ""chondroitin""]","[""chicken"", ""beef"", ""grain""]",24.4,14.7,5.8,7.2,8.1,349.6,400g,,,,0.95,0.95,0.98,0.0,,,Belcando,Belcando Natural Duck Small Breed,belcando|belcando_natural_duck_small_breed|wet,belcando_natural_duck_small_breed
belcando_019,Belcando,belcando,https://www.belcando.com/products/19,Belcando High-Protein Chicken Puppy,2025-09-10T20:38:05.110735,scrapingbee_simulation,dry,all,"chicken meal, chicken, rice, barley, peas, spinach, flaxseed oil, probiotics, glucosamine","[""chicken meal"", ""chicken"", ""rice"", ""barley"", ""peas"", ""spinach"", ""flaxseed oil"", ""probiotics"", ""glucosamine""]","[""chicken"", ""grain""]",20.9,18.5,4.1,6.7,10.6,367.6,12kg,50.29,4.19,budget,0.95,0.95,0.98,0.9,,,Belcando,Belcando High-Protein Chicken Puppy,belcando|belcando_high_protein_chicken_puppy|dry,belcando_high_protein_chicken_puppy
belcando_020,Belcando,belcando,https://www.belcando.com/products/20,Belcando Active Beef Puppy,2025-09-10T20:38:05.110750,scrapingbee_simulation,wet,adult,"beef, salmon, corn, rice, pumpkin, spinach, flaxseed oil, vitamins, chondroitin","[""beef"", ""salmon"", ""corn"", ""rice"", ""pumpkin"", ""spinach"", ""flaxseed oil"", ""vitamins"", ""chondroitin""]","[""beef"", ""fish"", ""grain""]",24.3,16.5,5.8,7.7,9.0,353.8,400g,53.9,134.75,super_premium,0.95,0.95,0.98,0.9,,,Belcando,Belcando Active Beef Puppy,belcando|belcando_active_beef_puppy|wet,belcando_active_beef_puppy
belcando_021,Belcando,belcando,https://www.belcando.com/products/21,Belcando High-Protein Chicken Adult,2025-09-10T20:38:05.110765,scrapingbee_simulation,dry,all,"beef, chicken meal, barley, wheat, carrots, peas, sunflower oil, probiotics, minerals","[""beef"", ""chicken meal"", ""barley"", ""wheat"", ""carrots"", ""peas"", ""sunflower oil"", ""probiotics"", ""minerals""]","[""chicken"", ""beef"", ""grain""]",31.2,10.1,3.2,6.3,11.1,328.4,10kg,47.5,4.75,budget,0.95,0.95,0.98,0.9,,,Belcando,Belcando High-Protein Chicken Adult,belcando|belcando_high_protein_chicken_adult|dry,belcando_high_protein_chicken_adult
belcando_022,Belcando,belcando,https://www.belcando.com/products/22,Belcando Natural Venison Small Breed,2025-09-10T20:38:05.110781,scrapingbee_simulation,wet,puppy,"salmon, beef, oats, barley, sweet potato, pumpkin, sunflower oil, chondroitin, probiotics","[""salmon"", ""beef"", ""oats"", ""barley"", ""sweet potato"", ""pumpkin"", ""sunflower oil"", ""chondroitin"", ""probiotics""]","[""beef"", ""fish"", ""grain""]",25.4,8.1,5.0,5.3,9.8,320.2,2kg,33.92,16.96,mid,0.95,0.95,0.98,0.9,True,Product,Belcando,Belcando Natural Venison Small Breed,belcando|belcando_natural_venison_small_breed|wet,belcando_natural_venison_small_breed
belcando_023,Belcando,belcando,https://www.belcando.com/products/23,Belcando Sensitive Salmon Adult,2025-09-10T20:38:05.110796,scrapingbee_simulation,wet,adult,"salmon, beef, wheat, rice, peas, sweet potato, salmon oil, chondroitin, minerals","[""salmon"", ""beef"", ""wheat"", ""rice"", ""peas"", ""sweet potato"", ""salmon oil"", ""chondroitin"", ""minerals""]","[""beef"", ""fish"", ""grain""]",25.3,10.9,2.3,5.6,12.0,334.9,2kg,,,,0.95,0.95,0.98,0.0,True,Product,Belcando,Belcando Sensitive Salmon Adult,belcando|belcando_sensitive_salmon_adult|wet,belcando_sensitive_salmon_adult
belcando_024,Belcando,belcando,https://www.belcando.com/products/24,Belcando Natural Venison Puppy,2025-09-10T20:38:05.110810,scrapingbee_simulation,dry,puppy,"chicken meal, chicken, rice, oats, carrots, pumpkin, sunflower oil, chondroitin, probiotics","[""chicken meal"", ""chicken"", ""rice"", ""oats"", ""carrots"", ""pumpkin"", ""sunflower oil"", ""chondroitin"", ""probiotics""]","[""chicken""]",24.7,15.0,4.8,6.8,10.8,346.6,1.5kg,52.2,34.8,premium,0.95,0.95,0.98,0.9,True,Product,Belcando,Belcando Natural Venison Puppy,belcando|belcando_natural_venison_puppy|dry,belcando_natural_venison_puppy
belcando_025,Belcando,belcando,https://www.belcando.com/products/25,Belcando Grain-Free Salmon Senior,2025-09-10T20:38:05.110825,scrapingbee_simulation,wet,puppy,"lamb meal, salmon, barley, oats, spinach, sweet potato, salmon oil, vitamins, chondroitin","[""lamb meal"", ""salmon"", ""barley"", ""oats"", ""spinach"", ""sweet potato"", ""salmon oil"", ""vitamins"", ""chondroitin""]","[""lamb"", ""fish"", ""grain""]",28.1,18.3,4.8,6.2,10.4,366.6,2kg,42.99,21.5,premium,0.95,0.95,0.98,0.9,,,Belcando,Belcando Grain-Free Salmon Senior,belcando|belcando_grain_free_salmon_senior|wet,belcando_grain_free_salmon_senior
belcando_026,Belcando,belcando,https://www.belcando.com/products/26,Belcando Grain-Free Lamb Large Breed,2025-09-10T20:38:05.110840,scrapingbee_simulation,wet,puppy,"beef, lamb meal, barley, corn, carrots, sweet potato, flaxseed oil, chondroitin, minerals","[""beef"", ""lamb meal"", ""barley"", ""corn"", ""carrots"", ""sweet potato"", ""flaxseed oil"", ""chondroitin"", ""minerals""]","[""beef"", ""lamb"", ""grain""]",31.9,13.3,5.3,8.4,11.5,328.3,5kg,,,,0.95,0.95,0.98,0.0,,,Belcando,Belcando Grain-Free Lamb Large Breed,belcando|belcando_grain_free_lamb_large_breed|wet,belcando_grain_free_lamb_large_breed
belcando_027,Belcando,belcando,https://www.belcando.com/products/27,Belcando Premium Venison Senior,2025-09-10T20:38:05.110854,scrapingbee_simulation,dry,puppy,"lamb meal, chicken, barley, rice, peas, spinach, sunflower oil, chondroitin, minerals","[""lamb meal"", ""chicken"", ""barley"", ""rice"", ""peas"", ""spinach"", ""sunflower oil"", ""chondroitin"", ""minerals""]","[""chicken"", ""lamb"", ""grain""]",23.3,8.3,3.7,5.9,10.0,322.9,5kg,42.56,8.51,economy,0.95,0.95,0.98,0.9,,,Belcando,Belcando Premium Venison Senior,belcando|belcando_premium_venison_senior|dry,belcando_premium_venison_senior
belcando_028,Belcando,belcando,https://www.belcando.com/products/28,Belcando Natural Salmon Small Breed,2025-09-10T20:38:05.110869,scrapingbee_simulation,raw,adult,"turkey, chicken meal, oats, barley, pumpkin, sweet potato, flaxseed oil, minerals, glucosamine","[""turkey"", ""chicken meal"", ""oats"", ""barley"", ""pumpkin"", ""sweet potato"", ""flaxseed oil"", ""minerals"", ""glucosamine""]","[""chicken"", ""grain""]",,,,,,,5kg,35.89,7.18,economy,0.95,0.95,0.98,0.9,,,Belcando,Belcando Natural Salmon Small Breed,belcando|belcando_natural_salmon_small_breed|raw,belcando_natural_salmon_small_breed
belcando_029,Belcando,belcando,https://www.belcando.com/products/29,Belcando Light Turkey Adult,2025-09-10T20:38:05.110882,scrapingbee_simulation,dry,senior,"salmon, turkey, corn, wheat, pumpkin, sweet potato, salmon oil, probiotics, chondroitin","[""salmon"", ""turkey"", ""corn"", ""wheat"", ""pumpkin"", ""sweet potato"", ""salmon oil"", ""probiotics"", ""chondroitin""]","[""chicken"", ""fish"", ""grain""]",30.2,16.8,4.0,7.2,11.8,353.5,2kg,54.77,27.39,premium,0.95,0.95,0.98,0.9,,,Belcando,Belcando Light Turkey Adult,belcando|belcando_light_turkey_adult|dry,belcando_light_turkey_adult
belcando_030,Belcando,belcando,https://www.belcando.com/products/30,Belcando Light Duck Large Breed,2025-09-10T20:38:05.110897,scrapingbee_simulation,wet,adult,"chicken meal, lamb meal, corn, barley, sweet potato, carrots, chicken fat, chondroitin, glucosamine","[""chicken meal"", ""lamb meal"", ""corn"", ""barley"", ""sweet potato"", ""carrots"", ""chicken fat"", ""chondroitin"", ""glucosamine""]","[""chicken"", ""lamb"", ""grain""]",23.9,18.0,2.6,7.4,9.1,373.1,12kg,35.48,2.96,budget,0.95,0.95,0.98,0.9,,,Belcando,Belcando Light Duck Large Breed,belcando|belcando_light_duck_large_breed|wet,belcando_light_duck_large_breed
belcando_031,Belcando,belcando,https://www.belcando.com/products/31,Belcando Light Turkey Small Breed,2025-09-10T20:38:05.110912,scrapingbee_simulation,dry,puppy,"salmon, lamb meal, wheat, oats, pumpkin, sweet potato, sunflower oil, vitamins, chondroitin","[""salmon"", ""lamb meal"", ""wheat"", ""oats"", ""pumpkin"", ""sweet potato"", ""sunflower oil"", ""vitamins"", ""chondroitin""]","[""lamb"", ""fish"", ""grain""]",20.2,11.2,2.7,6.8,9.7,338.8,1.5kg,55.16,36.77,premium,0.95,0.95,0.98,0.9,True,Product,Belcando,Belcando Light Turkey Small Breed,belcando|belcando_light_turkey_small_breed|dry,belcando_light_turkey_small_breed
belcando_032,Belcando,belcando,https://www.belcando.com/products/32,Belcando Grain-Free Lamb Puppy,2025-09-10T20:38:05.110929,scrapingbee_simulation,wet,puppy,"salmon, lamb meal, rice, oats, peas, spinach, chicken fat, glucosamine, probiotics","[""salmon"", ""lamb meal"", ""rice"", ""oats"", ""peas"", ""spinach"", ""chicken fat"", ""glucosamine"", ""probiotics""]","[""chicken"", ""lamb"", ""fish""]",19.8,16.1,5.2,7.7,8.3,356.3,1.5kg,36.7,24.47,premium,0.95,0.95,0.98,0.9,,,Belcando,Belcando Grain-Free Lamb Puppy,belcando|belcando_grain_free_lamb_puppy|wet,belcando_grain_free_lamb_puppy
belcando_033,Belcando,belcando,https://www.belcando.com/products/33,Belcando High-Protein Duck Adult,2025-09-10T20:38:05.110944,scrapingbee_simulation,wet,puppy,"chicken meal, salmon, oats, corn, pumpkin, peas, salmon oil, vitamins, glucosamine","[""chicken meal"", ""salmon"", ""oats"", ""corn"", ""pumpkin"", ""peas"", ""salmon oil"", ""vitamins"", ""glucosamine""]","[""chicken"", ""fish"", ""grain""]",,,,,,,2kg,43.76,21.88,premium,0.95,0.95,0.98,0.9,,,Belcando,Belcando High-Protein Duck Adult,belcando|belcando_high_protein_duck_adult|wet,belcando_high_protein_duck_adult
belcando_034,Belcando,belcando,https://www.belcando.com/products/34,Belcando Sensitive Chicken Adult,2025-09-10T20:38:05.110956,scrapingbee_simulation,dry,,"salmon, beef, rice, wheat, spinach, sweet potato, flaxseed oil, chondroitin, probiotics","[""salmon"", ""beef"", ""rice"", ""wheat"", ""spinach"", ""sweet potato"", ""flaxseed oil"", ""chondroitin"", ""probiotics""]","[""beef"", ""fish"", ""grain""]",28.4,14.7,4.9,6.0,9.1,353.5,800g,45.03,56.29,super_premium,0.95,0.0,0.98,0.9,,,Belcando,Belcando Sensitive Chicken Adult,belcando|belcando_sensitive_chicken_adult|dry,belcando_sensitive_chicken_adult
alpha_001,Alpha,alpha,https://www.alpha.com/products/1,Alpha Premium Lamb Adult,2025-09-10T20:38:05.104589,scrapingbee_simulation,dry,adult,"salmon, chicken meal, oats, wheat, pumpkin, carrots, flaxseed oil, chondroitin, vitamins","[""salmon"", ""chicken meal"", ""oats"", ""wheat"", ""pumpkin"", ""carrots"", ""flaxseed oil"", ""chondroitin"", ""vitamins""]","[""chicken"", ""fish"", ""grain""]",21.1,10.4,4.5,7.4,10.4,324.0,10kg,37.82,3.78,budget,0.95,0.95,0.98,0.9,,,Alpha,Alpha Premium Lamb Adult,alpha|alpha_premium_lamb_adult|dry,alpha_premium_lamb_adult
alpha_002,Alpha,alpha,https://www.alpha.com/products/2,Alpha Sensitive Duck Small Breed,2025-09-10T20:38:05.104636,scrapingbee_simulation,dry,adult,"turkey, salmon, corn, rice, pumpkin, sweet potato, sunflower oil, probiotics, glucosamine","[""turkey"", ""salmon"", ""corn"", ""rice"", ""pumpkin"", ""sweet potato"", ""sunflower oil"", ""probiotics"", ""glucosamine""]","[""chicken"", ""fish"", ""grain""]",,,,,,,2kg,48.68,24.34,premium,0.95,0.95,0.98,0.9,,,Alpha,Alpha Sensitive Duck Small Breed,alpha|alpha_sensitive_duck_small_breed|dry,alpha_sensitive_duck_small_breed
alpha_003,Alpha,alpha,https://www.alpha.com/products/3,Alpha Light Salmon Large Breed,2025-09-10T20:38:05.104656,scrapingbee_simulation,dry,all,"turkey, salmon, rice, barley, carrots, sweet potato, flaxseed oil, minerals, chondroitin","[""turkey"", ""salmon"", ""rice"", ""barley"", ""carrots"", ""sweet potato"", ""flaxseed oil"", ""minerals"", ""chondroitin""]","[""chicken"", ""fish"", ""grain""]",28.2,12.5,2.3,8.9,12.0,331.3,10kg,45.89,4.59,budget,0.95,0.95,0.98,0.9,True,Product,Alpha,Alpha Light Salmon Large Breed,alpha|alpha_light_salmon_large_breed|dry,alpha_light_salmon_large_breed
alpha_004,Alpha,alpha,https://www.alpha.com/products/4,Alpha Grain-Free Duck Small Breed,2025-09-10T20:38:05.104675,scrapingbee_simulation,dry,puppy,"chicken, turkey, oats, corn, spinach, pumpkin, sunflower oil, vitamins, chondroitin","[""chicken"", ""turkey"", ""oats"", ""corn"", ""spinach"", ""pumpkin"", ""sunflower oil"", ""vitamins"", ""chondroitin""]","[""chicken"", ""grain""]",29.6,12.6,2.6,7.8,9.2,344.4,5kg,53.34,10.67,mid,0.95,0.95,0.98,0.9,,,Alpha,Alpha Grain-Free Duck Small Breed,alpha|alpha_grain_free_duck_small_breed|dry,alpha_grain_free_duck_small_breed
alpha_005,Alpha,alpha,https://www.alpha.com/products/5,Alpha Sensitive Duck Senior,2025-09-10T20:38:05.104693,scrapingbee_simulation,wet,adult,"lamb meal, salmon, barley, corn, spinach, pumpkin, sunflower oil, minerals, vitamins","[""lamb meal"", ""salmon"", ""barley"", ""corn"", ""spinach"", ""pumpkin"", ""sunflower oil"", ""minerals"", ""vitamins""]","[""lamb"", ""fish"", ""grain""]",,,,,,,10kg,41.17,4.12,budget,0.95,0.95,0.98,0.9,,,Alpha,Alpha Sensitive Duck Senior,alpha|alpha_sensitive_duck_senior|wet,alpha_sensitive_duck_senior
alpha_006,Alpha,alpha,https://www.alpha.com/products/6,Alpha Natural Lamb Puppy,2025-09-10T20:38:05.104707,scrapingbee_simulation,wet,adult,"chicken, lamb meal, barley, oats, pumpkin, sweet potato, chicken fat, vitamins, minerals","[""chicken"", ""lamb meal"", ""barley"", ""oats"", ""pumpkin"", ""sweet potato"", ""chicken fat"", ""vitamins"", ""minerals""]","[""chicken"", ""lamb"", ""grain""]",20.1,11.5,5.7,5.8,11.6,326.7,5kg,49.96,9.99,economy,0.95,0.95,0.98,0.9,True,Product,Alpha,Alpha Natural Lamb Puppy,alpha|alpha_natural_lamb_puppy|wet,alpha_natural_lamb_puppy
alpha_007,Alpha,alpha,https://www.alpha.com/products/7,Alpha Premium Duck Adult,2025-09-10T20:38:05.104723,scrapingbee_simulation,dry,adult,"chicken meal, chicken, oats, rice, carrots, peas, flaxseed oil, vitamins, minerals","[""chicken meal"", ""chicken"", ""oats"", ""rice"", ""carrots"", ""peas"", ""flaxseed oil"", ""vitamins"", ""minerals""]","[""chicken""]",23.9,9.6,4.3,6.8,11.6,318.6,800g,42.24,52.8,super_premium,0.95,0.95,0.98,0.9,,,Alpha,Alpha Premium Duck Adult,alpha|alpha_premium_duck_adult|dry,alpha_premium_duck_adult
alpha_008,Alpha,alpha,https://www.alpha.com/products/8,Alpha Active Lamb Large Breed,2025-09-10T20:38:05.104739,scrapingbee_simulation,dry,adult,"salmon, turkey, rice, wheat, carrots, sweet potato, flaxseed oil, probiotics, glucosamine","[""salmon"", ""turkey"", ""rice"", ""wheat"", ""carrots"", ""sweet potato"", ""flaxseed oil"", ""probiotics"", ""glucosamine""]","[""chicken"", ""fish"", ""grain""]",25.7,11.2,4.5,7.4,9.7,330.4,15kg,50.78,3.39,budget,0.95,0.95,0.98,0.9,,,Alpha,Alpha Active Lamb Large Breed,alpha|alpha_active_lamb_large_breed|dry,alpha_active_lamb_large_breed
alpha_009,Alpha,alpha,https://www.alpha.com/products/9,Alpha Active Venison Large Breed,2025-09-10T20:38:05.104753,scrapingbee_simulation,wet,adult,"turkey, chicken, rice, wheat, spinach, peas, salmon oil, minerals, glucosamine","[""turkey"", ""chicken"", ""rice"", ""wheat"", ""spinach"", ""peas"", ""salmon oil"", ""minerals"", ""glucosamine""]","[""chicken"", ""fish"", ""grain""]",29.9,12.3,3.8,6.6,11.0,336.6,400g,42.76,106.9,super_premium,0.95,0.95,0.98,0.9,True,Product,Alpha,Alpha Active Venison Large Breed,alpha|alpha_active_venison_large_breed|wet,alpha_active_venison_large_breed
alpha_010,Alpha,alpha,https://www.alpha.com/products/10,Alpha Premium Beef Small Breed,2025-09-10T20:38:05.104768,scrapingbee_simulation,semi-moist,adult,"beef, chicken, oats, wheat, sweet potato, spinach, chicken fat, probiotics, minerals","[""beef"", ""chicken"", ""oats"", ""wheat"", ""sweet potato"", ""spinach"", ""chicken fat"", ""probiotics"", ""minerals""]","[""chicken"", ""beef"", ""grain""]",19.0,14.4,6.0,8.8,11.3,330.6,800g,59.97,74.96,super_premium,0.95,0.95,0.98,0.9,True,Product,Alpha,Alpha Premium Beef Small Breed,alpha|alpha_premium_beef_small_breed|semi-moist,alpha_premium_beef_small_breed
alpha_011,Alpha,alpha,https://www.alpha.com/products/11,Alpha Sensitive Beef Large Breed,2025-09-10T20:38:05.104783,scrapingbee_simulation,dry,adult,"beef, turkey, oats, corn, spinach, peas, sunflower oil, vitamins, minerals","[""beef"", ""turkey"", ""oats"", ""corn"", ""spinach"", ""peas"", ""sunflower oil"", ""vitamins"", ""minerals""]","[""chicken"", ""beef"", ""grain""]",31.1,10.8,5.4,5.8,10.0,329.8,15kg,,,,0.95,0.95,0.98,0.0,,,Alpha,Alpha Sensitive Beef Large Breed,alpha|alpha_sensitive_beef_large_breed|dry,alpha_sensitive_beef_large_breed
alpha_012,Alpha,alpha,https://www.alpha.com/products/12,Alpha Active Venison Adult,2025-09-10T20:38:05.104798,scrapingbee_simulation,dry,adult,"turkey, salmon, oats, corn, spinach, pumpkin, sunflower oil, glucosamine, chondroitin","[""turkey"", ""salmon"", ""oats"", ""corn"", ""spinach"", ""pumpkin"", ""sunflower oil"", ""glucosamine"", ""chondroitin""]","[""chicken"", ""fish"", ""grain""]",24.2,17.7,3.4,8.6,8.4,367.1,5kg,51.63,10.33,mid,0.95,0.95,0.98,0.9,True,Product,Alpha,Alpha Active Venison Adult,alpha|alpha_active_venison_adult|dry,alpha_active_venison_adult
alpha_013,Alpha,alpha,https://www.alpha.com/products/13,Alpha Active Turkey Small Breed,2025-09-10T20:38:05.104813,scrapingbee_simulation,,adult,"turkey, salmon, wheat, rice, spinach, sweet potato, chicken fat, probiotics, glucosamine","[""turkey"", ""salmon"", ""wheat"", ""rice"", ""spinach"", ""sweet potato"", ""chicken fat"", ""probiotics"", ""glucosamine""]","[""chicken"", ""fish"", ""grain""]",19.1,11.5,3.0,5.1,9.8,344.9,5kg,32.41,6.48,economy,0.0,0.95,0.98,0.9,,,Alpha,Alpha Active Turkey Small Breed,alpha|alpha_active_turkey_small_breed|nan,alpha_active_turkey_small_breed
alpha_014,Alpha,alpha,https://www.alpha.com/products/14,Alpha Natural Chicken Adult,2025-09-10T20:38:05.104827,scrapingbee_simulation,dry,adult,"salmon, lamb meal, oats, corn, spinach, peas, sunflower oil, chondroitin, vitamins","[""salmon"", ""lamb meal"", ""oats"", ""corn"", ""spinach"", ""peas"", ""sunflower oil"", ""chondroitin"", ""vitamins""]","[""lamb"", ""fish"", ""grain""]",28.2,12.7,2.9,7.0,8.5,349.1,400g,,,,0.95,0.95,0.98,0.0,True,Product,Alpha,Alpha Natural Chicken Adult,alpha|alpha_natural_chicken_adult|dry,alpha_natural_chicken_adult
alpha_015,Alpha,alpha,https://www.alpha.com/products/15,Alpha Natural Salmon Puppy,2025-09-10T20:38:05.104841,scrapingbee_simulation,dry,adult,"chicken meal, lamb meal, rice, wheat, sweet potato, pumpkin, chicken fat, minerals, glucosamine","[""chicken meal"", ""lamb meal"", ""rice"", ""wheat"", ""sweet potato"", ""pumpkin"", ""chicken fat"", ""minerals"", ""glucosamine""]","[""chicken"", ""lamb"", ""grain""]",20.2,14.8,5.1,7.1,11.9,339.6,1.5kg,56.64,37.76,premium,0.95,0.95,0.98,0.9,,,Alpha,Alpha Natural Salmon Puppy,alpha|alpha_natural_salmon_puppy|dry,alpha_natural_salmon_puppy
alpha_016,Alpha,alpha,https://www.alpha.com/products/16,Alpha Premium Duck Senior,2025-09-10T20:38:05.104856,scrapingbee_simulation,wet,adult,"chicken meal, chicken, wheat, corn, pumpkin, carrots, flaxseed oil, minerals, chondroitin","[""chicken meal"", ""chicken"", ""wheat"", ""corn"", ""pumpkin"", ""carrots"", ""flaxseed oil"", ""minerals"", ""chondroitin""]","[""chicken"", ""grain""]",20.5,9.9,4.5,5.9,8.9,331.9,2kg,47.89,23.95,premium,0.95,0.95,0.98,0.9,,,Alpha,Alpha Premium Duck Senior,alpha|alpha_premium_duck_senior|wet,alpha_premium_duck_senior
alpha_017,Alpha,alpha,https://www.alpha.com/products/17,Alpha Active Lamb Small Breed,2025-09-10T20:38:05.104871,scrapingbee_simulation,wet,adult,"salmon, lamb meal, corn, barley, peas, carrots, flaxseed oil, vitamins, chondroitin","[""salmon"", ""lamb meal"", ""corn"", ""barley"", ""peas"", ""carrots"", ""flaxseed oil"", ""vitamins"", ""chondroitin""]","[""lamb"", ""fish"", ""grain""]",,,,,,,12kg,43.73,3.64,budget,0.95,0.95,0.98,0.9,,,Alpha,Alpha Active Lamb Small Breed,alpha|alpha_active_lamb_small_breed|wet,alpha_active_lamb_small_breed
alpha_018,Alpha,alpha,https://www.alpha.com/products/18,Alpha Natural Venison Adult,2025-09-10T20:38:05.104884,scrapingbee_simulation,dry,puppy,"turkey, lamb meal, rice, barley, pumpkin, peas, sunflower oil, minerals, probiotics","[""turkey"", ""lamb meal"", ""rice"", ""barley"", ""pumpkin"", ""peas"", ""sunflower oil"", ""minerals"", ""probiotics""]","[""chicken"", ""lamb"", ""grain""]",,,,,,,1.5kg,,,,0.95,0.95,0.98,0.0,True,Product,Alpha,Alpha Natural Venison Adult,alpha|alpha_natural_venison_adult|dry,alpha_natural_venison_adult
alpha_019,Alpha,alpha,https://www.alpha.com/products/19,Alpha Sensitive Turkey Adult,2025-09-10T20:38:05.104896,scrapingbee_simulation,dry,senior,"turkey, chicken meal, wheat, corn, peas, spinach, sunflower oil, vitamins, glucosamine","[""turkey"", ""chicken meal"", ""wheat"", ""corn"", ""peas"", ""spinach"", ""sunflower oil"", ""vitamins"", ""glucosamine""]","[""chicken"", ""grain""]",22.6,17.0,4.9,8.4,11.0,350.0,15kg,54.87,3.66,budget,0.95,0.95,0.98,0.9,,,Alpha,Alpha Sensitive Turkey Adult,alpha|alpha_sensitive_turkey_adult|dry,alpha_sensitive_turkey_adult
alpha_020,Alpha,alpha,https://www.alpha.com/products/20,Alpha High-Protein Venison Senior,2025-09-10T20:38:05.104911,scrapingbee_simulation,wet,adult,"chicken, lamb meal, oats, wheat, pumpkin, spinach, chicken fat, glucosamine, chondroitin","[""chicken"", ""lamb meal"", ""oats"", ""wheat"", ""pumpkin"", ""spinach"", ""chicken fat"", ""glucosamine"", ""chondroitin""]","[""chicken"", ""lamb"", ""grain""]",25.1,12.2,4.4,5.5,11.3,336.8,10kg,48.52,4.85,budget,0.95,0.95,0.98,0.9,,,Alpha,Alpha High-Protein Venison Senior,alpha|alpha_high_protein_venison_senior|wet,alpha_high_protein_venison_senior
alpha_021,Alpha,alpha,https://www.alpha.com/products/21,Alpha Grain-Free Duck Adult,2025-09-10T20:38:05.104926,scrapingbee_simulation,semi-moist,adult,"chicken meal, salmon, wheat, rice, pumpkin, carrots, sunflower oil, vitamins, minerals","[""chicken meal"", ""salmon"", ""wheat"", ""rice"", ""pumpkin"", ""carrots"", ""sunflower oil"", ""vitamins"", ""minerals""]","[""chicken"", ""fish"", ""grain""]",22.1,13.0,2.8,6.2,10.0,348.5,800g,43.87,54.84,super_premium,0.95,0.95,0.98,0.9,,,Alpha,Alpha Grain-Free Duck Adult,alpha|alpha_grain_free_duck_adult|semi-moist,alpha_grain_free_duck_adult
alpha_022,Alpha,alpha,https://www.alpha.com/products/22,Alpha Grain-Free Chicken Large Breed,2025-09-10T20:38:05.104940,scrapingbee_simulation,semi-moist,puppy,"salmon, lamb meal, barley, wheat, peas, carrots, salmon oil, minerals, glucosamine","[""salmon"", ""lamb meal"", ""barley"", ""wheat"", ""peas"", ""carrots"", ""salmon oil"", ""minerals"", ""glucosamine""]","[""lamb"", ""fish"", ""grain""]",25.5,14.4,4.5,8.9,8.7,344.6,12kg,,,,0.95,0.95,0.98,0.0,True,Product,Alpha,Alpha Grain-Free Chicken Large Breed,alpha|alpha_grain_free_chicken_large_breed|semi-moist,alpha_grain_free_chicken_large_breed
alpha_023,Alpha,alpha,https://www.alpha.com/products/23,Alpha Natural Beef Large Breed,2025-09-10T20:38:05.104953,scrapingbee_simulation,dry,adult,"turkey, salmon, wheat, corn, pumpkin, spinach, salmon oil, probiotics, minerals","[""turkey"", ""salmon"", ""wheat"", ""corn"", ""pumpkin"", ""spinach"", ""salmon oil"", ""probiotics"", ""minerals""]","[""chicken"", ""fish"", ""grain""]",31.6,12.2,5.7,5.8,8.6,340.7,800g,45.01,56.26,super_premium,0.95,0.95,0.98,0.9,,,Alpha,Alpha Natural Beef Large Breed,alpha|alpha_natural_beef_large_breed|dry,alpha_natural_beef_large_breed
alpha_024,Alpha,alpha,https://www.alpha.com/products/24,Alpha Premium Duck Puppy,2025-09-10T20:38:05.104967,scrapingbee_simulation,dry,adult,"beef, chicken meal, barley, corn, peas, sweet potato, flaxseed oil, vitamins, probiotics","[""beef"", ""chicken meal"", ""barley"", ""corn"", ""peas"", ""sweet potato"", ""flaxseed oil"", ""vitamins"", ""probiotics""]","[""chicken"", ""beef"", ""grain""]",25.1,13.8,2.4,7.3,8.5,355.3,800g,,,,0.95,0.95,0.98,0.0,True,Product,Alpha,Alpha Premium Duck Puppy,alpha|alpha_premium_duck_puppy|dry,alpha_premium_duck_puppy
alpha_025,Alpha,alpha,https://www.alpha.com/products/25,Alpha Grain-Free Venison Large Breed,2025-09-10T20:38:05.104983,scrapingbee_simulation,wet,all,"lamb meal, chicken, rice, wheat, sweet potato, peas, sunflower oil, chondroitin, minerals","[""lamb meal"", ""chicken"", ""rice"", ""wheat"", ""sweet potato"", ""peas"", ""sunflower oil"", ""chondroitin"", ""minerals""]","[""chicken"", ""lamb"", ""grain""]",20.0,16.0,4.2,8.7,11.5,344.6,12kg,42.16,3.51,budget,0.95,0.95,0.98,0.9,True,Product,Alpha,Alpha Grain-Free Venison Large Breed,alpha|alpha_grain_free_venison_large_breed|wet,alpha_grain_free_venison_large_breed
alpha_026,Alpha,alpha,https://www.alpha.com/products/26,Alpha Light Beef Large Breed,2025-09-10T20:38:05.104999,scrapingbee_simulation,wet,puppy,"chicken meal, beef, corn, rice, spinach, sweet potato, chicken fat, minerals, chondroitin","[""chicken meal"", ""beef"", ""corn"", ""rice"", ""spinach"", ""sweet potato"", ""chicken fat"", ""minerals"", ""chondroitin""]","[""chicken"", ""beef"", ""grain""]",27.0,13.3,5.0,6.2,9.1,345.5,1.5kg,44.05,29.37,premium,0.95,0.95,0.98,0.9,True,Product,Alpha,Alpha Light Beef Large Breed,alpha|alpha_light_beef_large_breed|wet,alpha_light_beef_large_breed
alpha_027,Alpha,alpha,https://www.alpha.com/products/27,Alpha Natural Duck Puppy,2025-09-10T20:38:05.105013,scrapingbee_simulation,wet,all,"turkey, lamb meal, rice, corn, pumpkin, peas, sunflower oil, glucosamine, probiotics","[""turkey"", ""lamb meal"", ""rice"", ""corn"", ""pumpkin"", ""peas"", ""sunflower oil"", ""glucosamine"", ""probiotics""]","[""chicken"", ""lamb"", ""grain""]",,,,,,,12kg,37.65,3.14,budget,0.95,0.95,0.98,0.9,,,Alpha,Alpha Natural Duck Puppy,alpha|alpha_natural_duck_puppy|wet,alpha_natural_duck_puppy
alpha_028,Alpha,alpha,https://www.alpha.com/products/28,Alpha Grain-Free Chicken Adult,2025-09-10T20:38:05.105026,scrapingbee_simulation,dry,adult,"lamb meal, turkey, oats, wheat, peas, sweet potato, salmon oil, probiotics, minerals","[""lamb meal"", ""turkey"", ""oats"", ""wheat"", ""peas"", ""sweet potato"", ""salmon oil"", ""probiotics"", ""minerals""]","[""chicken"", ""lamb"", ""fish"", ""grain""]",25.4,17.3,3.9,6.0,8.3,372.8,1.5kg,40.08,26.72,premium,0.95,0.95,0.98,0.9,,,Alpha,Alpha Grain-Free Chicken Adult,alpha|alpha_grain_free_chicken_adult|dry,alpha_grain_free_chicken_adult
alpha_029,Alpha,alpha,https://www.alpha.com/products/29,Alpha Premium Venison Large Breed,2025-09-10T20:38:05.105041,scrapingbee_simulation,dry,adult,"salmon, chicken, rice, corn, carrots, peas, salmon oil, minerals, vitamins","[""salmon"", ""chicken"", ""rice"", ""corn"", ""carrots"", ""peas"", ""salmon oil"", ""minerals"", ""vitamins""]","[""chicken"", ""fish"", ""grain""]",25.2,18.6,3.9,7.9,10.5,364.9,10kg,45.86,4.59,budget,0.95,0.95,0.98,0.9,,,Alpha,Alpha Premium Venison Large Breed,alpha|alpha_premium_venison_large_breed|dry,alpha_premium_venison_large_breed
alpha_030,Alpha,alpha,https://www.alpha.com/products/30,Alpha Light Chicken Small Breed,2025-09-10T20:38:05.105055,scrapingbee_simulation,wet,puppy,"beef, turkey, barley, oats, sweet potato, spinach, sunflower oil, vitamins, glucosamine","[""beef"", ""turkey"", ""barley"", ""oats"", ""sweet potato"", ""spinach"", ""sunflower oil"", ""vitamins"", ""glucosamine""]","[""chicken"", ""beef"", ""grain""]",19.3,13.8,4.6,6.0,8.4,352.5,800g,41.45,51.81,super_premium,0.95,0.95,0.98,0.9,,,Alpha,Alpha Light Chicken Small Breed,alpha|alpha_light_chicken_small_breed|wet,alpha_light_chicken_small_breed
alpha_031,Alpha,alpha,https://www.alpha.com/products/31,Alpha Grain-Free Venison Small Breed,2025-09-10T20:38:05.105070,scrapingbee_simulation,dry,adult,"chicken meal, lamb meal, corn, wheat, pumpkin, sweet potato, sunflower oil, probiotics, vitamins","[""chicken meal"", ""lamb meal"", ""corn"", ""wheat"", ""pumpkin"", ""sweet potato"", ""sunflower oil"", ""probiotics"", ""vitamins""]","[""chicken"", ""lamb"", ""grain""]",19.3,18.8,2.3,6.6,10.2,377.2,10kg,40.01,4.0,budget,0.95,0.95,0.98,0.9,,,Alpha,Alpha Grain-Free Venison Small Breed,alpha|alpha_grain_free_venison_small_breed|dry,alpha_grain_free_venison_small_breed
alpha_032,Alpha,alpha,https://www.alpha.com/products/32,Alpha Light Venison Puppy,2025-09-10T20:38:05.105086,scrapingbee_simulation,dry,adult,"chicken, lamb meal, barley, oats, peas, carrots, sunflower oil, vitamins, probiotics","[""chicken"", ""lamb meal"", ""barley"", ""oats"", ""peas"", ""carrots"", ""sunflower oil"", ""vitamins"", ""probiotics""]","[""chicken"", ""lamb"", ""grain""]",30.2,19.4,5.0,6.3,9.7,373.5,12kg,31.8,2.65,budget,0.95,0.95,0.98,0.9,,,Alpha,Alpha Light Venison Puppy,alpha|alpha_light_venison_puppy|dry,alpha_light_venison_puppy
alpha_033,Alpha,alpha,https://www.alpha.com/products/33,Alpha High-Protein Salmon Adult,2025-09-10T20:38:05.105102,scrapingbee_simulation,dry,senior,"salmon, chicken meal, rice, oats, pumpkin, sweet potato, chicken fat, vitamins, probiotics","[""salmon"", ""chicken meal"", ""rice"", ""oats"", ""pumpkin"", ""sweet potato"", ""chicken fat"", ""vitamins"", ""probiotics""]","[""chicken"", ""fish""]",19.0,16.0,4.0,7.0,8.8,360.7,12kg,38.81,3.23,budget,0.95,0.95,0.98,0.9,,,Alpha,Alpha High-Protein Salmon Adult,alpha|alpha_high_protein_salmon_adult|dry,alpha_high_protein_salmon_adult
alpha_034,Alpha,alpha,https://www.alpha.com/products/34,Alpha Active Duck Small Breed,2025-09-10T20:38:05.105117,scrapingbee_simulation,dry,puppy,"lamb meal, chicken meal, wheat, rice, sweet potato, carrots, chicken fat, glucosamine, minerals","[""lamb meal"", ""chicken meal"", ""wheat"", ""rice"", ""sweet potato"", ""carrots"", ""chicken fat"", ""glucosamine"", ""minerals""]","[""chicken"", ""lamb"", ""grain""]",22.0,13.3,5.9,7.5,9.8,335.3,400g,45.93,114.82,super_premium,0.95,0.95,0.98,0.9,,,Alpha,Alpha Active Duck Small Breed,alpha|alpha_active_duck_small_breed|dry,alpha_active_duck_small_breed
alpha_035,Alpha,alpha,https://www.alpha.com/products/35,Alpha Active Turkey Puppy,2025-09-10T20:38:05.105131,scrapingbee_simulation,,senior,"turkey, salmon, oats, wheat, carrots, peas, chicken fat, vitamins, probiotics","[""turkey"", ""salmon"", ""oats"", ""wheat"", ""carrots"", ""peas"", ""chicken fat"", ""vitamins"", ""probiotics""]","[""chicken"", ""fish"", ""grain""]",24.2,15.5,3.4,8.8,10.8,347.0,2kg,48.99,24.5,premium,0.0,0.95,0.98,0.9,,,Alpha,Alpha Active Turkey Puppy,alpha|alpha_active_turkey_puppy|nan,alpha_active_turkey_puppy
alpha_036,Alpha,alpha,https://www.alpha.com/products/36,Alpha Sensitive Chicken Small Breed,2025-09-10T20:38:05.105146,scrapingbee_simulation,dry,senior,"chicken, salmon, barley, corn, carrots, peas, flaxseed oil, probiotics, minerals","[""chicken"", ""salmon"", ""barley"", ""corn"", ""carrots"", ""peas"", ""flaxseed oil"", ""probiotics"", ""minerals""]","[""chicken"", ""fish"", ""grain""]",28.6,11.1,2.6,5.8,8.3,347.1,2kg,,,,0.95,0.95,0.98,0.0,,,Alpha,Alpha Sensitive Chicken Small Breed,alpha|alpha_sensitive_chicken_small_breed|dry,alpha_sensitive_chicken_small_breed
alpha_037,Alpha,alpha,https://www.alpha.com/products/37,Alpha Sensitive Venison Adult,2025-09-10T20:38:05.105159,scrapingbee_simulation,wet,adult,"lamb meal, chicken, barley, corn, peas, pumpkin, flaxseed oil, minerals, glucosamine","[""lamb meal"", ""chicken"", ""barley"", ""corn"", ""peas"", ""pumpkin"", ""flaxseed oil"", ""minerals"", ""glucosamine""]","[""chicken"", ""lamb"", ""grain""]",29.5,10.3,6.0,8.8,11.6,309.1,12kg,38.49,3.21,budget,0.95,0.95,0.98,0.9,,,Alpha,Alpha Sensitive Venison Adult,alpha|alpha_sensitive_venison_adult|wet,alpha_sensitive_venison_adult
alpha_038,Alpha,alpha,https://www.alpha.com/products/38,Alpha Grain-Free Turkey Small Breed,2025-09-10T20:38:05.105173,scrapingbee_simulation,dry,adult,"lamb meal, beef, wheat, barley, carrots, spinach, chicken fat, glucosamine, probiotics","[""lamb meal"", ""beef"", ""wheat"", ""barley"", ""carrots"", ""spinach"", ""chicken fat"", ""glucosamine"", ""probiotics""]","[""chicken"", ""beef"", ""lamb"", ""grain""]",,,,,,,10kg,33.43,3.34,budget,0.95,0.95,0.98,0.9,,,Alpha,Alpha Grain-Free Turkey Small Breed,alpha|alpha_grain_free_turkey_small_breed|dry,alpha_grain_free_turkey_small_breed
alpha_039,Alpha,alpha,https://www.alpha.com/products/39,Alpha Grain-Free Chicken Adult,2025-09-10T20:38:05.105185,scrapingbee_simulation,dry,senior,"lamb meal, salmon, wheat, rice, pumpkin, carrots, sunflower oil, minerals, probiotics","[""lamb meal"", ""salmon"", ""wheat"", ""rice"", ""pumpkin"", ""carrots"", ""sunflower oil"", ""minerals"", ""probiotics""]","[""lamb"", ""fish"", ""grain""]",22.1,12.7,2.2,7.0,8.5,351.6,10kg,42.28,4.23,budget,0.95,0.95,0.98,0.9,,,Alpha,Alpha Grain-Free Chicken Adult,alpha|alpha_grain_free_chicken_adult|dry,alpha_grain_free_chicken_adult
alpha_040,Alpha,alpha,https://www.alpha.com/products/40,Alpha Natural Turkey Adult,2025-09-10T20:38:05.105200,scrapingbee_simulation,wet,adult,"chicken, beef, oats, rice, sweet potato, peas, salmon oil, vitamins, glucosamine","[""chicken"", ""beef"", ""oats"", ""rice"", ""sweet potato"", ""peas"", ""salmon oil"", ""vitamins"", ""glucosamine""]","[""chicken"", ""beef"", ""fish""]",18.2,16.6,4.4,7.9,9.3,357.4,800g,54.51,68.14,super_premium,0.95,0.95,0.98,0.9,True,Product,Alpha,Alpha Natural Turkey Adult,alpha|alpha_natural_turkey_adult|wet,alpha_natural_turkey_adult
alpha_041,Alpha,alpha,https://www.alpha.com/products/41,Alpha Natural Duck Puppy,2025-09-10T20:38:05.105214,scrapingbee_simulation,dry,senior,"chicken meal, turkey, wheat, oats, sweet potato, pumpkin, chicken fat, glucosamine, vitamins","[""chicken meal"", ""turkey"", ""wheat"", ""oats"", ""sweet potato"", ""pumpkin"", ""chicken fat"", ""glucosamine"", ""vitamins""]","[""chicken"", ""grain""]",29.5,14.9,4.4,6.4,10.6,349.6,12kg,55.75,4.65,budget,0.95,0.95,0.98,0.9,,,Alpha,Alpha Natural Duck Puppy,alpha|alpha_natural_duck_puppy|dry,alpha_natural_duck_puppy
alpha_042,Alpha,alpha,https://www.alpha.com/products/42,Alpha Active Venison Large Breed,2025-09-10T20:38:05.105229,scrapingbee_simulation,dry,all,"beef, chicken meal, wheat, corn, carrots, peas, salmon oil, probiotics, minerals","[""beef"", ""chicken meal"", ""wheat"", ""corn"", ""carrots"", ""peas"", ""salmon oil"", ""probiotics"", ""minerals""]","[""chicken"", ""beef"", ""fish"", ""grain""]",25.5,19.4,5.7,7.5,8.5,371.0,12kg,54.17,4.51,budget,0.95,0.95,0.98,0.9,,,Alpha,Alpha Active Venison Large Breed,alpha|alpha_active_venison_large_breed|dry,alpha_active_venison_large_breed
alpha_043,Alpha,alpha,https://www.alpha.com/products/43,Alpha Grain-Free Turkey Adult,2025-09-10T20:38:05.105244,scrapingbee_simulation,,adult,"lamb meal, beef, wheat, corn, pumpkin, spinach, flaxseed oil, minerals, probiotics","[""lamb meal"", ""beef"", ""wheat"", ""corn"", ""pumpkin"", ""spinach"", ""flaxseed oil"", ""minerals"", ""probiotics""]","[""beef"", ""lamb"", ""grain""]",30.7,18.8,2.4,6.4,8.8,382.4,12kg,43.97,3.66,budget,0.0,0.95,0.98,0.9,,,Alpha,Alpha Grain-Free Turkey Adult,alpha|alpha_grain_free_turkey_adult|nan,alpha_grain_free_turkey_adult
alpha_044,Alpha,alpha,https://www.alpha.com/products/44,Alpha High-Protein Beef Large Breed,2025-09-10T20:38:05.105258,scrapingbee_simulation,dry,adult,"beef, lamb meal, oats, wheat, sweet potato, carrots, flaxseed oil, glucosamine, minerals","[""beef"", ""lamb meal"", ""oats"", ""wheat"", ""sweet potato"", ""carrots"", ""flaxseed oil"", ""glucosamine"", ""minerals""]","[""beef"", ""lamb"", ""grain""]",28.4,18.6,3.8,5.4,10.7,373.3,800g,,,,0.95,0.95,0.98,0.0,True,Product,Alpha,Alpha High-Protein Beef Large Breed,alpha|alpha_high_protein_beef_large_breed|dry,alpha_high_protein_beef_large_breed
alpha_045,Alpha,alpha,https://www.alpha.com/products/45,Alpha Sensitive Salmon Large Breed,2025-09-10T20:38:05.105271,scrapingbee_simulation,wet,puppy,"salmon, beef, oats, wheat, pumpkin, carrots, salmon oil, minerals, probiotics","[""salmon"", ""beef"", ""oats"", ""wheat"", ""pumpkin"", ""carrots"", ""salmon oil"", ""minerals"", ""probiotics""]","[""beef"", ""fish"", ""grain""]",29.1,17.9,3.0,5.1,11.6,370.6,800g,,,,0.95,0.95,0.98,0.0,,,Alpha,Alpha Sensitive Salmon Large Breed,alpha|alpha_sensitive_salmon_large_breed|wet,alpha_sensitive_salmon_large_breed
alpha_046,Alpha,alpha,https://www.alpha.com/products/46,Alpha Light Venison Small Breed,2025-09-10T20:38:05.105284,scrapingbee_simulation,wet,,"salmon, chicken, barley, rice, carrots, pumpkin, sunflower oil, chondroitin, minerals","[""salmon"", ""chicken"", ""barley"", ""rice"", ""carrots"", ""pumpkin"", ""sunflower oil"", ""chondroitin"", ""minerals""]","[""chicken"", ""fish"", ""grain""]",28.0,17.9,2.6,7.5,9.3,371.6,5kg,,,,0.95,0.0,0.98,0.0,,,Alpha,Alpha Light Venison Small Breed,alpha|alpha_light_venison_small_breed|wet,alpha_light_venison_small_breed
alpha_047,Alpha,alpha,https://www.alpha.com/products/47,Alpha High-Protein Duck Large Breed,2025-09-10T20:38:05.105298,scrapingbee_simulation,dry,adult,"turkey, chicken, oats, barley, peas, sweet potato, flaxseed oil, glucosamine, probiotics","[""turkey"", ""chicken"", ""oats"", ""barley"", ""peas"", ""sweet potato"", ""flaxseed oil"", ""glucosamine"", ""probiotics""]","[""chicken"", ""grain""]",28.6,15.4,5.9,7.8,11.1,340.2,10kg,33.72,3.37,budget,0.95,0.95,0.98,0.9,,,Alpha,Alpha High-Protein Duck Large Breed,alpha|alpha_high_protein_duck_large_breed|dry,alpha_high_protein_duck_large_breed
alpha_048,Alpha,alpha,https://www.alpha.com/products/48,Alpha Light Salmon Large Breed,2025-09-10T20:38:05.105314,scrapingbee_simulation,wet,puppy,"chicken, chicken meal, wheat, corn, pumpkin, peas, flaxseed oil, chondroitin, probiotics","[""chicken"", ""chicken meal"", ""wheat"", ""corn"", ""pumpkin"", ""peas"", ""flaxseed oil"", ""chondroitin"", ""probiotics""]","[""chicken"", ""grain""]",26.6,17.4,5.4,6.6,9.9,360.4,1.5kg,39.59,26.39,premium,0.95,0.95,0.98,0.9,,,Alpha,Alpha Light Salmon Large Breed,alpha|alpha_light_salmon_large_breed|wet,alpha_light_salmon_large_breed
alpha_049,Alpha,alpha,https://www.alpha.com/products/49,Alpha Sensitive Venison Puppy,2025-09-10T20:38:05.105328,scrapingbee_simulation,dry,puppy,"chicken, turkey, rice, barley, carrots, pumpkin, sunflower oil, glucosamine, minerals","[""chicken"", ""turkey"", ""rice"", ""barley"", ""carrots"", ""pumpkin"", ""sunflower oil"", ""glucosamine"", ""minerals""]","[""chicken"", ""grain""]",25.5,12.5,5.5,7.8,11.0,327.5,5kg,44.06,8.81,economy,0.95,0.95,0.98,0.9,,,Alpha,Alpha Sensitive Venison Puppy,alpha|alpha_sensitive_venison_puppy|dry,alpha_sensitive_venison_puppy
alpha_050,Alpha,alpha,https://www.alpha.com/products/50,Alpha Grain-Free Beef Large Breed,2025-09-10T20:38:05.105343,scrapingbee_simulation,dry,adult,"lamb meal, beef, oats, wheat, peas, carrots, chicken fat, probiotics, glucosamine","[""lamb meal"", ""beef"", ""oats"", ""wheat"", ""peas"", ""carrots"", ""chicken fat"", ""probiotics"", ""glucosamine""]","[""chicken"", ""beef"", ""lamb"", ""grain""]",31.6,8.9,3.7,7.2,11.3,316.8,12kg,38.81,3.23,budget,0.95,0.95,0.98,0.9,True,Product,Alpha,Alpha Grain-Free Beef Large Breed,alpha|alpha_grain_free_beef_large_breed|dry,alpha_grain_free_beef_large_breed
alpha_051,Alpha,alpha,https://www.alpha.com/products/51,Alpha Natural Venison Small Breed,2025-09-10T20:38:05.105357,scrapingbee_simulation,dry,senior,"turkey, lamb meal, corn, wheat, carrots, peas, chicken fat, minerals, chondroitin","[""turkey"", ""lamb meal"", ""corn"", ""wheat"", ""carrots"", ""peas"", ""chicken fat"", ""minerals"", ""chondroitin""]","[""chicken"", ""lamb"", ""grain""]",19.0,18.0,5.3,5.8,11.9,359.5,400g,57.02,142.55,super_premium,0.95,0.95,0.98,0.9,,,Alpha,Alpha Natural Venison Small Breed,alpha|alpha_natural_venison_small_breed|dry,alpha_natural_venison_small_breed
alpha_052,Alpha,alpha,https://www.alpha.com/products/52,Alpha Grain-Free Lamb Large Breed,2025-09-10T20:38:05.105372,scrapingbee_simulation,dry,senior,"chicken meal, beef, rice, wheat, peas, pumpkin, chicken fat, vitamins, probiotics","[""chicken meal"", ""beef"", ""rice"", ""wheat"", ""peas"", ""pumpkin"", ""chicken fat"", ""vitamins"", ""probiotics""]","[""chicken"", ""beef"", ""grain""]",,,,,,,12kg,57.75,4.81,budget,0.95,0.95,0.98,0.9,,,Alpha,Alpha Grain-Free Lamb Large Breed,alpha|alpha_grain_free_lamb_large_breed|dry,alpha_grain_free_lamb_large_breed
alpha_053,Alpha,alpha,https://www.alpha.com/products/53,Alpha Natural Beef Puppy,2025-09-10T20:38:05.105385,scrapingbee_simulation,dry,all,"beef, turkey, wheat, corn, carrots, peas, salmon oil, glucosamine, probiotics","[""beef"", ""turkey"", ""wheat"", ""corn"", ""carrots"", ""peas"", ""salmon oil"", ""glucosamine"", ""probiotics""]","[""chicken"", ""beef"", ""fish"", ""grain""]",19.0,10.5,4.6,5.2,11.8,326.9,1.5kg,39.87,26.58,premium,0.95,0.95,0.98,0.9,,,Alpha,Alpha Natural Beef Puppy,alpha|alpha_natural_beef_puppy|dry,alpha_natural_beef_puppy
brit_001,Brit,brit,https://www.brit.com/products/1,Brit High-Protein Duck Puppy,2025-09-10T20:38:05.098323,scrapingbee_simulation,wet,adult,"chicken, salmon, rice, corn, pumpkin, spinach, salmon oil, probiotics, chondroitin","[""chicken"", ""salmon"", ""rice"", ""corn"", ""pumpkin"", ""spinach"", ""salmon oil"", ""probiotics"", ""chondroitin""]","[""chicken"", ""fish"", ""grain""]",23.2,19.4,5.7,8.7,10.7,359.1,15kg,25.88,1.73,budget,0.95,0.95,0.98,0.9,,,Brit,Brit High-Protein Duck Puppy,brit|brit_high_protein_duck_puppy|wet,brit_high_protein_duck_puppy
brit_002,Brit,brit,https://www.brit.com/products/2,Brit Premium Turkey Small Breed,2025-09-10T20:38:05.098491,scrapingbee_simulation,dry,senior,"turkey, chicken, wheat, barley, spinach, pumpkin, salmon oil, chondroitin, glucosamine","[""turkey"", ""chicken"", ""wheat"", ""barley"", ""spinach"", ""pumpkin"", ""salmon oil"", ""chondroitin"", ""glucosamine""]","[""chicken"", ""fish"", ""grain""]",,,,,,,800g,39.79,49.74,super_premium,0.95,0.95,0.98,0.9,,,Brit,Brit Premium Turkey Small Breed,brit|brit_premium_turkey_small_breed|dry,brit_premium_turkey_small_breed
brit_003,Brit,brit,https://www.brit.com/products/3,Brit Light Chicken Senior,2025-09-10T20:38:05.098520,scrapingbee_simulation,dry,senior,"salmon, lamb meal, wheat, rice, spinach, sweet potato, salmon oil, probiotics, vitamins","[""salmon"", ""lamb meal"", ""wheat"", ""rice"", ""spinach"", ""sweet potato"", ""salmon oil"", ""probiotics"", ""vitamins""]","[""lamb"", ""fish"", ""grain""]",,,,,,,5kg,23.75,4.75,budget,0.95,0.95,0.98,0.9,True,Product,Brit,Brit Light Chicken Senior,brit|brit_light_chicken_senior|dry,brit_light_chicken_senior
brit_004,Brit,brit,https://www.brit.com/products/4,Brit High-Protein Turkey Large Breed,2025-09-10T20:38:05.098540,scrapingbee_simulation,dry,adult,"chicken, lamb meal, wheat, rice, sweet potato, peas, chicken fat, glucosamine, minerals","[""chicken"", ""lamb meal"", ""wheat"", ""rice"", ""sweet potato"", ""peas"", ""chicken fat"", ""glucosamine"", ""minerals""]","[""chicken"", ""lamb"", ""grain""]",29.6,16.2,4.1,5.8,10.7,358.9,10kg,39.8,3.98,budget,0.95,0.95,0.98,0.9,True,Product,Brit,Brit High-Protein Turkey Large Breed,brit|brit_high_protein_turkey_large_breed|dry,brit_high_protein_turkey_large_breed
brit_005,Brit,brit,https://www.brit.com/products/5,Brit Natural Venison Puppy,2025-09-10T20:38:05.098561,scrapingbee_simulation,wet,adult,"chicken, lamb meal, oats, rice, peas, spinach, flaxseed oil, minerals, chondroitin","[""chicken"", ""lamb meal"", ""oats"", ""rice"", ""peas"", ""spinach"", ""flaxseed oil"", ""minerals"", ""chondroitin""]","[""chicken"", ""lamb""]",24.4,18.0,3.1,6.2,9.8,373.1,2kg,28.71,14.36,mid,0.95,0.95,0.98,0.9,True,Product,Brit,Brit Natural Venison Puppy,brit|brit_natural_venison_puppy|wet,brit_natural_venison_puppy
brit_006,Brit,brit,https://www.brit.com/products/6,Brit Active Duck Puppy,2025-09-10T20:38:05.098580,scrapingbee_simulation,wet,adult,"lamb meal, beef, oats, corn, pumpkin, peas, sunflower oil, chondroitin, probiotics","[""lamb meal"", ""beef"", ""oats"", ""corn"", ""pumpkin"", ""peas"", ""sunflower oil"", ""chondroitin"", ""probiotics""]","[""beef"", ""lamb"", ""grain""]",23.9,16.8,5.5,5.1,9.7,362.9,2kg,33.72,16.86,mid,0.95,0.95,0.98,0.9,True,Product,Brit,Brit Active Duck Puppy,brit|brit_active_duck_puppy|wet,brit_active_duck_puppy
brit_007,Brit,brit,https://www.brit.com/products/7,Brit High-Protein Turkey Senior,2025-09-10T20:38:05.098597,scrapingbee_simulation,dry,adult,"salmon, chicken, wheat, rice, spinach, carrots, flaxseed oil, glucosamine, chondroitin","[""salmon"", ""chicken"", ""wheat"", ""rice"", ""spinach"", ""carrots"", ""flaxseed oil"", ""glucosamine"", ""chondroitin""]","[""chicken"", ""fish"", ""grain""]",18.6,10.9,2.7,8.5,9.0,333.8,15kg,21.94,1.46,budget,0.95,0.95,0.98,0.9,,,Brit,Brit High-Protein Turkey Senior,brit|brit_high_protein_turkey_senior|dry,brit_high_protein_turkey_senior
brit_008,Brit,brit,https://www.brit.com/products/8,Brit Sensitive Turkey Large Breed,2025-09-10T20:38:05.098614,scrapingbee_simulation,,all,"salmon, lamb meal, corn, oats, pumpkin, sweet potato, salmon oil, glucosamine, probiotics","[""salmon"", ""lamb meal"", ""corn"", ""oats"", ""pumpkin"", ""sweet potato"", ""salmon oil"", ""glucosamine"", ""probiotics""]","[""lamb"", ""fish"", ""grain""]",26.1,14.5,4.4,8.1,11.2,339.6,12kg,29.44,2.45,budget,0.0,0.95,0.98,0.9,True,Product,Brit,Brit Sensitive Turkey Large Breed,brit|brit_sensitive_turkey_large_breed|nan,brit_sensitive_turkey_large_breed
brit_009,Brit,brit,https://www.brit.com/products/9,Brit Grain-Free Duck Adult,2025-09-10T20:38:05.098630,scrapingbee_simulation,wet,adult,"beef, chicken meal, wheat, rice, spinach, peas, flaxseed oil, chondroitin, minerals","[""beef"", ""chicken meal"", ""wheat"", ""rice"", ""spinach"", ""peas"", ""flaxseed oil"", ""chondroitin"", ""minerals""]","[""chicken"", ""beef"", ""grain""]",,,,,,,10kg,22.24,2.22,budget,0.95,0.95,0.98,0.9,,,Brit,Brit Grain-Free Duck Adult,brit|brit_grain_free_duck_adult|wet,brit_grain_free_duck_adult
brit_010,Brit,brit,https://www.brit.com/products/10,Brit Premium Duck Senior,2025-09-10T20:38:05.098644,scrapingbee_simulation,dry,puppy,"salmon, chicken, rice, oats, spinach, sweet potato, sunflower oil, chondroitin, minerals","[""salmon"", ""chicken"", ""rice"", ""oats"", ""spinach"", ""sweet potato"", ""sunflower oil"", ""chondroitin"", ""minerals""]","[""chicken"", ""fish""]",21.5,18.6,2.9,8.3,10.9,365.7,10kg,23.25,2.33,budget,0.95,0.95,0.98,0.9,True,Product,Brit,Brit Premium Duck Senior,brit|brit_premium_duck_senior|dry,brit_premium_duck_senior
brit_011,Brit,brit,https://www.brit.com/products/11,Brit Light Beef Puppy,2025-09-10T20:38:05.098660,scrapingbee_simulation,semi-moist,puppy,"beef, lamb meal, barley, wheat, pumpkin, sweet potato, sunflower oil, vitamins, chondroitin","[""beef"", ""lamb meal"", ""barley"", ""wheat"", ""pumpkin"", ""sweet potato"", ""sunflower oil"", ""vitamins"", ""chondroitin""]","[""beef"", ""lamb"", ""grain""]",29.8,15.9,3.7,7.2,8.4,361.9,15kg,,,,0.95,0.95,0.98,0.0,,,Brit,Brit Light Beef Puppy,brit|brit_light_beef_puppy|semi-moist,brit_light_beef_puppy
brit_012,Brit,brit,https://www.brit.com/products/12,Brit Light Beef Large Breed,2025-09-10T20:38:05.098677,scrapingbee_simulation,dry,puppy,"chicken meal, chicken, corn, oats, pumpkin, spinach, salmon oil, minerals, probiotics","[""chicken meal"", ""chicken"", ""corn"", ""oats"", ""pumpkin"", ""spinach"", ""salmon oil"", ""minerals"", ""probiotics""]","[""chicken"", ""fish"", ""grain""]",,,,,,,2kg,24.77,12.38,mid,0.95,0.95,0.98,0.9,True,Product,Brit,Brit Light Beef Large Breed,brit|brit_light_beef_large_breed|dry,brit_light_beef_large_breed
brit_013,Brit,brit,https://www.brit.com/products/13,Brit Grain-Free Salmon Senior,2025-09-10T20:38:05.098692,scrapingbee_simulation,wet,senior,"beef, chicken meal, rice, barley, peas, pumpkin, sunflower oil, glucosamine, minerals","[""beef"", ""chicken meal"", ""rice"", ""barley"", ""peas"", ""pumpkin"", ""sunflower oil"", ""glucosamine"", ""minerals""]","[""chicken"", ""beef"", ""grain""]",31.2,16.2,4.8,8.5,11.4,344.5,400g,20.25,50.62,super_premium,0.95,0.95,0.98,0.9,True,Product,Brit,Brit Grain-Free Salmon Senior,brit|brit_grain_free_salmon_senior|wet,brit_grain_free_salmon_senior
brit_014,Brit,brit,https://www.brit.com/products/14,Brit Sensitive Salmon Senior,2025-09-10T20:38:05.098709,scrapingbee_simulation,dry,senior,"lamb meal, turkey, rice, barley, peas, pumpkin, flaxseed oil, chondroitin, minerals","[""lamb meal"", ""turkey"", ""rice"", ""barley"", ""peas"", ""pumpkin"", ""flaxseed oil"", ""chondroitin"", ""minerals""]","[""chicken"", ""lamb"", ""grain""]",22.1,15.9,3.2,5.2,8.4,370.7,5kg,,,,0.95,0.95,0.98,0.0,,,Brit,Brit Sensitive Salmon Senior,brit|brit_sensitive_salmon_senior|dry,brit_sensitive_salmon_senior
brit_015,Brit,brit,https://www.brit.com/products/15,Brit High-Protein Beef Large Breed,2025-09-10T20:38:05.098724,scrapingbee_simulation,dry,puppy,"chicken meal, beef, corn, rice, pumpkin, spinach, chicken fat, probiotics, chondroitin","[""chicken meal"", ""beef"", ""corn"", ""rice"", ""pumpkin"", ""spinach"", ""chicken fat"", ""probiotics"", ""chondroitin""]","[""chicken"", ""beef"", ""grain""]",25.6,16.2,4.7,7.4,10.2,353.0,10kg,35.45,3.55,budget,0.95,0.95,0.98,0.9,,,Brit,Brit High-Protein Beef Large Breed,brit|brit_high_protein_beef_large_breed|dry,brit_high_protein_beef_large_breed
brit_016,Brit,brit,https://www.brit.com/products/16,Brit Grain-Free Beef Large Breed,2025-09-10T20:38:05.098743,scrapingbee_simulation,wet,adult,"chicken, beef, corn, wheat, carrots, peas, salmon oil, vitamins, glucosamine","[""chicken"", ""beef"", ""corn"", ""wheat"", ""carrots"", ""peas"", ""salmon oil"", ""vitamins"", ""glucosamine""]","[""chicken"", ""beef"", ""fish"", ""grain""]",25.0,14.1,2.2,7.7,10.6,348.8,12kg,28.83,2.4,budget,0.95,0.95,0.98,0.9,True,Product,Brit,Brit Grain-Free Beef Large Breed,brit|brit_grain_free_beef_large_breed|wet,brit_grain_free_beef_large_breed
brit_017,Brit,brit,https://www.brit.com/products/17,Brit Sensitive Turkey Large Breed,2025-09-10T20:38:05.098759,scrapingbee_simulation,dry,senior,"lamb meal, beef, rice, oats, sweet potato, pumpkin, flaxseed oil, glucosamine, chondroitin","[""lamb meal"", ""beef"", ""rice"", ""oats"", ""sweet potato"", ""pumpkin"", ""flaxseed oil"", ""glucosamine"", ""chondroitin""]","[""beef"", ""lamb""]",,,,,,,1.5kg,37.31,24.87,premium,0.95,0.95,0.98,0.9,,,Brit,Brit Sensitive Turkey Large Breed,brit|brit_sensitive_turkey_large_breed|dry,brit_sensitive_turkey_large_breed
brit_018,Brit,brit,https://www.brit.com/products/18,Brit Natural Duck Senior,2025-09-10T20:38:05.098773,scrapingbee_simulation,wet,puppy,"turkey, chicken, corn, oats, peas, sweet potato, salmon oil, probiotics, vitamins","[""turkey"", ""chicken"", ""corn"", ""oats"", ""peas"", ""sweet potato"", ""salmon oil"", ""probiotics"", ""vitamins""]","[""chicken"", ""fish"", ""grain""]",23.9,12.9,2.0,6.3,9.5,352.2,5kg,24.29,4.86,budget,0.95,0.95,0.98,0.9,True,Product,Brit,Brit Natural Duck Senior,brit|brit_natural_duck_senior|wet,brit_natural_duck_senior
brit_019,Brit,brit,https://www.brit.com/products/19,Brit Sensitive Venison Large Breed,2025-09-10T20:38:05.098789,scrapingbee_simulation,dry,puppy,"chicken meal, beef, barley, rice, spinach, sweet potato, salmon oil, minerals, chondroitin","[""chicken meal"", ""beef"", ""barley"", ""rice"", ""spinach"", ""sweet potato"", ""salmon oil"", ""minerals"", ""chondroitin""]","[""chicken"", ""beef"", ""fish"", ""grain""]",25.9,12.1,5.0,7.9,11.2,326.1,5kg,20.67,4.13,budget,0.95,0.95,0.98,0.9,True,Product,Brit,Brit Sensitive Venison Large Breed,brit|brit_sensitive_venison_large_breed|dry,brit_sensitive_venison_large_breed
brit_020,Brit,brit,https://www.brit.com/products/20,Brit Light Beef Adult,2025-09-10T20:38:05.098805,scrapingbee_simulation,semi-moist,adult,"lamb meal, salmon, rice, corn, peas, spinach, sunflower oil, probiotics, minerals","[""lamb meal"", ""salmon"", ""rice"", ""corn"", ""peas"", ""spinach"", ""sunflower oil"", ""probiotics"", ""minerals""]","[""lamb"", ""fish"", ""grain""]",,,,,,,10kg,28.69,2.87,budget,0.95,0.95,0.98,0.9,True,Product,Brit,Brit Light Beef Adult,brit|brit_light_beef_adult|semi-moist,brit_light_beef_adult
brit_021,Brit,brit,https://www.brit.com/products/21,Brit Sensitive Lamb Puppy,2025-09-10T20:38:05.098818,scrapingbee_simulation,dry,senior,"chicken meal, beef, oats, barley, sweet potato, spinach, chicken fat, minerals, vitamins","[""chicken meal"", ""beef"", ""oats"", ""barley"", ""sweet potato"", ""spinach"", ""chicken fat"", ""minerals"", ""vitamins""]","[""chicken"", ""beef"", ""grain""]",22.4,14.3,3.8,6.1,8.9,355.7,12kg,24.48,2.04,budget,0.95,0.95,0.98,0.9,,,Brit,Brit Sensitive Lamb Puppy,brit|brit_sensitive_lamb_puppy|dry,brit_sensitive_lamb_puppy
brit_022,Brit,brit,https://www.brit.com/products/22,Brit Sensitive Turkey Small Breed,2025-09-10T20:38:05.098833,scrapingbee_simulation,,adult,"beef, turkey, wheat, barley, carrots, pumpkin, salmon oil, minerals, probiotics","[""beef"", ""turkey"", ""wheat"", ""barley"", ""carrots"", ""pumpkin"", ""salmon oil"", ""minerals"", ""probiotics""]","[""chicken"", ""beef"", ""fish"", ""grain""]",30.5,15.5,5.3,8.9,8.6,347.7,15kg,37.77,2.52,budget,0.0,0.95,0.98,0.9,,,Brit,Brit Sensitive Turkey Small Breed,brit|brit_sensitive_turkey_small_breed|nan,brit_sensitive_turkey_small_breed
brit_023,Brit,brit,https://www.brit.com/products/23,Brit Natural Beef Large Breed,2025-09-10T20:38:05.098849,scrapingbee_simulation,semi-moist,puppy,"lamb meal, chicken, corn, wheat, sweet potato, spinach, salmon oil, probiotics, chondroitin","[""lamb meal"", ""chicken"", ""corn"", ""wheat"", ""sweet potato"", ""spinach"", ""salmon oil"", ""probiotics"", ""chondroitin""]","[""chicken"", ""lamb"", ""fish"", ""grain""]",30.2,19.3,3.5,8.5,10.4,368.1,10kg,30.59,3.06,budget,0.95,0.95,0.98,0.9,,,Brit,Brit Natural Beef Large Breed,brit|brit_natural_beef_large_breed|semi-moist,brit_natural_beef_large_breed
brit_024,Brit,brit,https://www.brit.com/products/24,Brit Grain-Free Duck Senior,2025-09-10T20:38:05.098863,scrapingbee_simulation,wet,adult,"chicken meal, lamb meal, wheat, barley, spinach, carrots, sunflower oil, glucosamine, minerals","[""chicken meal"", ""lamb meal"", ""wheat"", ""barley"", ""spinach"", ""carrots"", ""sunflower oil"", ""glucosamine"", ""minerals""]","[""chicken"", ""lamb"", ""grain""]",23.7,15.2,2.4,6.6,11.9,352.8,400g,,,,0.95,0.95,0.98,0.0,,,Brit,Brit Grain-Free Duck Senior,brit|brit_grain_free_duck_senior|wet,brit_grain_free_duck_senior
brit_025,Brit,brit,https://www.brit.com/products/25,Brit High-Protein Chicken Senior,2025-09-10T20:38:05.098877,scrapingbee_simulation,wet,puppy,"lamb meal, beef, barley, corn, spinach, pumpkin, flaxseed oil, glucosamine, minerals","[""lamb meal"", ""beef"", ""barley"", ""corn"", ""spinach"", ""pumpkin"", ""flaxseed oil"", ""glucosamine"", ""minerals""]","[""beef"", ""lamb"", ""grain""]",,,,,,,800g,28.09,35.11,premium,0.95,0.95,0.98,0.9,,,Brit,Brit High-Protein Chicken Senior,brit|brit_high_protein_chicken_senior|wet,brit_high_protein_chicken_senior
brit_026,Brit,brit,https://www.brit.com/products/26,Brit Premium Turkey Senior,2025-09-10T20:38:05.098891,scrapingbee_simulation,dry,senior,"salmon, lamb meal, corn, oats, peas, pumpkin, flaxseed oil, vitamins, glucosamine","[""salmon"", ""lamb meal"", ""corn"", ""oats"", ""peas"", ""pumpkin"", ""flaxseed oil"", ""vitamins"", ""glucosamine""]","[""lamb"", ""fish"", ""grain""]",18.3,9.5,5.4,8.7,10.4,311.8,12kg,28.03,2.34,budget,0.95,0.95,0.98,0.9,,,Brit,Brit Premium Turkey Senior,brit|brit_premium_turkey_senior|dry,brit_premium_turkey_senior
brit_027,Brit,brit,https://www.brit.com/products/27,Brit Natural Duck Small Breed,2025-09-10T20:38:05.098907,scrapingbee_simulation,dry,all,"lamb meal, turkey, barley, wheat, peas, carrots, chicken fat, glucosamine, minerals","[""lamb meal"", ""turkey"", ""barley"", ""wheat"", ""peas"", ""carrots"", ""chicken fat"", ""glucosamine"", ""minerals""]","[""chicken"", ""lamb"", ""grain""]",29.4,9.9,3.2,8.0,9.2,328.1,12kg,20.05,1.67,budget,0.95,0.95,0.98,0.9,True,Product,Brit,Brit Natural Duck Small Breed,brit|brit_natural_duck_small_breed|dry,brit_natural_duck_small_breed
brit_028,Brit,brit,https://www.brit.com/products/28,Brit Light Beef Large Breed,2025-09-10T20:38:05.098922,scrapingbee_simulation,wet,adult,"lamb meal, turkey, oats, barley, sweet potato, carrots, sunflower oil, chondroitin, minerals","[""lamb meal"", ""turkey"", ""oats"", ""barley"", ""sweet potato"", ""carrots"", ""sunflower oil"", ""chondroitin"", ""minerals""]","[""chicken"", ""lamb"", ""grain""]",27.2,10.5,3.9,5.3,9.6,336.7,5kg,36.02,7.2,economy,0.95,0.95,0.98,0.9,,,Brit,Brit Light Beef Large Breed,brit|brit_light_beef_large_breed|wet,brit_light_beef_large_breed
brit_029,Brit,brit,https://www.brit.com/products/29,Brit Grain-Free Turkey Senior,2025-09-10T20:38:05.098942,scrapingbee_simulation,wet,,"turkey, beef, oats, rice, spinach, pumpkin, salmon oil, probiotics, vitamins","[""turkey"", ""beef"", ""oats"", ""rice"", ""spinach"", ""pumpkin"", ""salmon oil"", ""probiotics"", ""vitamins""]","[""chicken"", ""beef"", ""fish""]",26.1,16.8,2.7,7.0,9.7,366.1,10kg,22.74,2.27,budget,0.95,0.0,0.98,0.9,True,Product,Brit,Brit Grain-Free Turkey Senior,brit|brit_grain_free_turkey_senior|wet,brit_grain_free_turkey_senior
brit_030,Brit,brit,https://www.brit.com/products/30,Brit Grain-Free Beef Puppy,2025-09-10T20:38:05.098958,scrapingbee_simulation,wet,puppy,"salmon, lamb meal, wheat, corn, pumpkin, spinach, salmon oil, vitamins, probiotics","[""salmon"", ""lamb meal"", ""wheat"", ""corn"", ""pumpkin"", ""spinach"", ""salmon oil"", ""vitamins"", ""probiotics""]","[""lamb"", ""fish"", ""grain""]",,,,,,,15kg,38.41,2.56,budget,0.95,0.95,0.98,0.9,,,Brit,Brit Grain-Free Beef Puppy,brit|brit_grain_free_beef_puppy|wet,brit_grain_free_beef_puppy
brit_031,Brit,brit,https://www.brit.com/products/31,Brit High-Protein Lamb Small Breed,2025-09-10T20:38:05.098971,scrapingbee_simulation,dry,adult,"chicken, beef, corn, oats, peas, pumpkin, salmon oil, chondroitin, probiotics","[""chicken"", ""beef"", ""corn"", ""oats"", ""peas"", ""pumpkin"", ""salmon oil"", ""chondroitin"", ""probiotics""]","[""chicken"", ""beef"", ""fish"", ""grain""]",31.3,14.4,4.5,5.2,11.7,347.1,15kg,35.41,2.36,budget,0.95,0.95,0.98,0.9,,,Brit,Brit High-Protein Lamb Small Breed,brit|brit_high_protein_lamb_small_breed|dry,brit_high_protein_lamb_small_breed
brit_032,Brit,brit,https://www.brit.com/products/32,Brit Natural Lamb Large Breed,2025-09-10T20:38:05.098986,scrapingbee_simulation,semi-moist,puppy,"chicken meal, turkey, corn, barley, pumpkin, sweet potato, flaxseed oil, minerals, vitamins","[""chicken meal"", ""turkey"", ""corn"", ""barley"", ""pumpkin"", ""sweet potato"", ""flaxseed oil"", ""minerals"", ""vitamins""]","[""chicken"", ""grain""]",28.6,18.8,3.1,5.7,11.9,371.6,800g,31.72,39.65,premium,0.95,0.95,0.98,0.9,,,Brit,Brit Natural Lamb Large Breed,brit|brit_natural_lamb_large_breed|semi-moist,brit_natural_lamb_large_breed
brit_033,Brit,brit,https://www.brit.com/products/33,Brit Sensitive Chicken Small Breed,2025-09-10T20:38:05.099002,scrapingbee_simulation,dry,senior,"salmon, lamb meal, barley, corn, carrots, spinach, chicken fat, chondroitin, probiotics","[""salmon"", ""lamb meal"", ""barley"", ""corn"", ""carrots"", ""spinach"", ""chicken fat"", ""chondroitin"", ""probiotics""]","[""chicken"", ""lamb"", ""fish"", ""grain""]",30.9,17.3,3.4,6.2,10.1,367.5,15kg,,,,0.95,0.95,0.98,0.0,,,Brit,Brit Sensitive Chicken Small Breed,brit|brit_sensitive_chicken_small_breed|dry,brit_sensitive_chicken_small_breed
brit_034,Brit,brit,https://www.brit.com/products/34,Brit Natural Salmon Adult,2025-09-10T20:38:05.099016,scrapingbee_simulation,dry,puppy,"chicken meal, chicken, barley, rice, pumpkin, carrots, chicken fat, minerals, chondroitin","[""chicken meal"", ""chicken"", ""barley"", ""rice"", ""pumpkin"", ""carrots"", ""chicken fat"", ""minerals"", ""chondroitin""]","[""chicken"", ""grain""]",31.3,15.2,5.8,9.0,10.0,339.2,2kg,,,,0.95,0.95,0.98,0.0,,,Brit,Brit Natural Salmon Adult,brit|brit_natural_salmon_adult|dry,brit_natural_salmon_adult
brit_035,Brit,brit,https://www.brit.com/products/35,Brit Light Duck Puppy,2025-09-10T20:38:05.099030,scrapingbee_simulation,dry,adult,"turkey, beef, wheat, barley, pumpkin, spinach, salmon oil, glucosamine, probiotics","[""turkey"", ""beef"", ""wheat"", ""barley"", ""pumpkin"", ""spinach"", ""salmon oil"", ""glucosamine"", ""probiotics""]","[""chicken"", ""beef"", ""fish"", ""grain""]",25.6,19.8,2.6,8.9,9.4,375.9,12kg,,,,0.95,0.95,0.98,0.0,True,Product,Brit,Brit Light Duck Puppy,brit|brit_light_duck_puppy|dry,brit_light_duck_puppy
brit_036,Brit,brit,https://www.brit.com/products/36,Brit Sensitive Turkey Senior,2025-09-10T20:38:05.099044,scrapingbee_simulation,semi-moist,adult,"turkey, chicken, corn, barley, pumpkin, carrots, flaxseed oil, glucosamine, probiotics","[""turkey"", ""chicken"", ""corn"", ""barley"", ""pumpkin"", ""carrots"", ""flaxseed oil"", ""glucosamine"", ""probiotics""]","[""chicken"", ""grain""]",30.5,16.3,3.0,5.7,10.2,365.4,800g,,,,0.95,0.95,0.98,0.0,,,Brit,Brit Sensitive Turkey Senior,brit|brit_sensitive_turkey_senior|semi-moist,brit_sensitive_turkey_senior
brit_037,Brit,brit,https://www.brit.com/products/37,Brit Natural Turkey Small Breed,2025-09-10T20:38:05.099058,scrapingbee_simulation,dry,adult,"chicken meal, salmon, oats, wheat, sweet potato, carrots, flaxseed oil, probiotics, vitamins","[""chicken meal"", ""salmon"", ""oats"", ""wheat"", ""sweet potato"", ""carrots"", ""flaxseed oil"", ""probiotics"", ""vitamins""]","[""chicken"", ""fish"", ""grain""]",,,,,,,400g,28.47,71.17,super_premium,0.95,0.95,0.98,0.9,True,Product,Brit,Brit Natural Turkey Small Breed,brit|brit_natural_turkey_small_breed|dry,brit_natural_turkey_small_breed
brit_038,Brit,brit,https://www.brit.com/products/38,Brit Premium Duck Small Breed,2025-09-10T20:38:05.099071,scrapingbee_simulation,dry,adult,"chicken, turkey, wheat, barley, pumpkin, sweet potato, flaxseed oil, probiotics, chondroitin","[""chicken"", ""turkey"", ""wheat"", ""barley"", ""pumpkin"", ""sweet potato"", ""flaxseed oil"", ""probiotics"", ""chondroitin""]","[""chicken"", ""grain""]",25.2,17.1,2.2,5.7,12.0,365.8,15kg,31.43,2.1,budget,0.95,0.95,0.98,0.9,,,Brit,Brit Premium Duck Small Breed,brit|brit_premium_duck_small_breed|dry,brit_premium_duck_small_breed
brit_039,Brit,brit,https://www.brit.com/products/39,Brit Natural Salmon Adult,2025-09-10T20:38:05.099087,scrapingbee_simulation,dry,,"turkey, beef, oats, rice, sweet potato, carrots, chicken fat, probiotics, chondroitin","[""turkey"", ""beef"", ""oats"", ""rice"", ""sweet potato"", ""carrots"", ""chicken fat"", ""probiotics"", ""chondroitin""]","[""chicken"", ""beef""]",,,,,,,800g,27.5,34.38,premium,0.95,0.0,0.98,0.9,,,Brit,Brit Natural Salmon Adult,brit|brit_natural_salmon_adult|dry,brit_natural_salmon_adult
brit_040,Brit,brit,https://www.brit.com/products/40,Brit Light Chicken Large Breed,2025-09-10T20:38:05.099100,scrapingbee_simulation,dry,puppy,"beef, lamb meal, oats, wheat, pumpkin, carrots, flaxseed oil, chondroitin, probiotics","[""beef"", ""lamb meal"", ""oats"", ""wheat"", ""pumpkin"", ""carrots"", ""flaxseed oil"", ""chondroitin"", ""probiotics""]","[""beef"", ""lamb"", ""grain""]",25.5,16.2,3.0,8.7,10.3,354.0,10kg,35.03,3.5,budget,0.95,0.95,0.98,0.9,True,Product,Brit,Brit Light Chicken Large Breed,brit|brit_light_chicken_large_breed|dry,brit_light_chicken_large_breed
brit_041,Brit,brit,https://www.brit.com/products/41,Brit Sensitive Beef Puppy,2025-09-10T20:38:05.099116,scrapingbee_simulation,wet,adult,"lamb meal, salmon, corn, wheat, sweet potato, spinach, flaxseed oil, glucosamine, chondroitin","[""lamb meal"", ""salmon"", ""corn"", ""wheat"", ""sweet potato"", ""spinach"", ""flaxseed oil"", ""glucosamine"", ""chondroitin""]","[""lamb"", ""fish"", ""grain""]",24.0,16.7,5.9,6.7,10.4,353.0,2kg,29.03,14.52,mid,0.95,0.95,0.98,0.9,,,Brit,Brit Sensitive Beef Puppy,brit|brit_sensitive_beef_puppy|wet,brit_sensitive_beef_puppy
brit_042,Brit,brit,https://www.brit.com/products/42,Brit Sensitive Beef Puppy,2025-09-10T20:38:05.099131,scrapingbee_simulation,dry,adult,"chicken, turkey, rice, corn, spinach, sweet potato, flaxseed oil, probiotics, vitamins","[""chicken"", ""turkey"", ""rice"", ""corn"", ""spinach"", ""sweet potato"", ""flaxseed oil"", ""probiotics"", ""vitamins""]","[""chicken"", ""grain""]",23.6,10.0,3.3,8.0,11.7,319.5,800g,31.42,39.27,premium,0.95,0.95,0.98,0.9,True,Product,Brit,Brit Sensitive Beef Puppy,brit|brit_sensitive_beef_puppy|dry,brit_sensitive_beef_puppy
brit_043,Brit,brit,https://www.brit.com/products/43,Brit Light Beef Puppy,2025-09-10T20:38:05.099147,scrapingbee_simulation,wet,puppy,"lamb meal, turkey, wheat, rice, spinach, sweet potato, salmon oil, probiotics, vitamins","[""lamb meal"", ""turkey"", ""wheat"", ""rice"", ""spinach"", ""sweet potato"", ""salmon oil"", ""probiotics"", ""vitamins""]","[""chicken"", ""lamb"", ""fish"", ""grain""]",,,,,,,10kg,37.18,3.72,budget,0.95,0.95,0.98,0.9,,,Brit,Brit Light Beef Puppy,brit|brit_light_beef_puppy|wet,brit_light_beef_puppy
brit_044,Brit,brit,https://www.brit.com/products/44,Brit Sensitive Salmon Puppy,2025-09-10T20:38:05.099160,scrapingbee_simulation,dry,adult,"chicken, chicken meal, oats, corn, spinach, pumpkin, flaxseed oil, chondroitin, vitamins","[""chicken"", ""chicken meal"", ""oats"", ""corn"", ""spinach"", ""pumpkin"", ""flaxseed oil"", ""chondroitin"", ""vitamins""]","[""chicken"", ""grain""]",30.8,9.5,5.0,7.1,11.6,314.6,15kg,,,,0.95,0.95,0.98,0.0,,,Brit,Brit Sensitive Salmon Puppy,brit|brit_sensitive_salmon_puppy|dry,brit_sensitive_salmon_puppy
brit_045,Brit,brit,https://www.brit.com/products/45,Brit Light Salmon Puppy,2025-09-10T20:38:05.099174,scrapingbee_simulation,dry,puppy,"lamb meal, salmon, barley, oats, sweet potato, peas, chicken fat, vitamins, probiotics","[""lamb meal"", ""salmon"", ""barley"", ""oats"", ""sweet potato"", ""peas"", ""chicken fat"", ""vitamins"", ""probiotics""]","[""chicken"", ""lamb"", ""fish"", ""grain""]",21.5,8.8,2.3,5.9,11.6,324.7,2kg,20.49,10.24,mid,0.95,0.95,0.98,0.9,True,Product,Brit,Brit Light Salmon Puppy,brit|brit_light_salmon_puppy|dry,brit_light_salmon_puppy
brit_046,Brit,brit,https://www.brit.com/products/46,Brit Sensitive Venison Large Breed,2025-09-10T20:38:05.099190,scrapingbee_simulation,wet,puppy,"turkey, beef, rice, oats, peas, carrots, salmon oil, glucosamine, probiotics","[""turkey"", ""beef"", ""rice"", ""oats"", ""peas"", ""carrots"", ""salmon oil"", ""glucosamine"", ""probiotics""]","[""chicken"", ""beef"", ""fish""]",23.6,10.2,2.7,7.3,8.3,337.0,1.5kg,,,,0.95,0.95,0.98,0.0,,,Brit,Brit Sensitive Venison Large Breed,brit|brit_sensitive_venison_large_breed|wet,brit_sensitive_venison_large_breed
brit_047,Brit,brit,https://www.brit.com/products/47,Brit High-Protein Chicken Adult,2025-09-10T20:38:05.099213,scrapingbee_simulation,dry,puppy,"beef, chicken, corn, rice, peas, spinach, flaxseed oil, glucosamine, vitamins","[""beef"", ""chicken"", ""corn"", ""rice"", ""peas"", ""spinach"", ""flaxseed oil"", ""glucosamine"", ""vitamins""]","[""chicken"", ""beef"", ""grain""]",,,,,,,1.5kg,27.66,18.44,mid,0.95,0.95,0.98,0.9,,,Brit,Brit High-Protein Chicken Adult,brit|brit_high_protein_chicken_adult|dry,brit_high_protein_chicken_adult
brit_048,Brit,brit,https://www.brit.com/products/48,Brit Grain-Free Venison Large Breed,2025-09-10T20:38:05.099260,scrapingbee_simulation,semi-moist,adult,"chicken meal, turkey, wheat, corn, sweet potato, pumpkin, chicken fat, chondroitin, glucosamine","[""chicken meal"", ""turkey"", ""wheat"", ""corn"", ""sweet potato"", ""pumpkin"", ""chicken fat"", ""chondroitin"", ""glucosamine""]","[""chicken"", ""grain""]",27.1,11.4,2.2,5.2,10.4,344.7,2kg,39.62,19.81,mid,0.95,0.95,0.98,0.9,,,Brit,Brit Grain-Free Venison Large Breed,brit|brit_grain_free_venison_large_breed|semi-moist,brit_grain_free_venison_large_breed
brit_049,Brit,brit,https://www.brit.com/products/49,Brit Natural Turkey Senior,2025-09-10T20:38:05.099289,scrapingbee_simulation,dry,adult,"chicken, chicken meal, barley, corn, spinach, carrots, flaxseed oil, minerals, chondroitin","[""chicken"", ""chicken meal"", ""barley"", ""corn"", ""spinach"", ""carrots"", ""flaxseed oil"", ""minerals"", ""chondroitin""]","[""chicken"", ""grain""]",30.8,19.2,5.7,6.1,8.5,374.9,2kg,21.66,10.83,mid,0.95,0.95,0.98,0.9,True,Product,Brit,Brit Natural Turkey Senior,brit|brit_natural_turkey_senior|dry,brit_natural_turkey_senior
brit_050,Brit,brit,https://www.brit.com/products/50,Brit Natural Lamb Large Breed,2025-09-10T20:38:05.099310,scrapingbee_simulation,raw,senior,"lamb meal, chicken, barley, wheat, sweet potato, pumpkin, chicken fat, vitamins, glucosamine","[""lamb meal"", ""chicken"", ""barley"", ""wheat"", ""sweet potato"", ""pumpkin"", ""chicken fat"", ""vitamins"", ""glucosamine""]","[""chicken"", ""lamb"", ""grain""]",29.6,15.4,4.7,7.8,10.1,347.9,2kg,32.78,16.39,mid,0.95,0.95,0.98,0.9,,,Brit,Brit Natural Lamb Large Breed,brit|brit_natural_lamb_large_breed|raw,brit_natural_lamb_large_breed
brit_051,Brit,brit,https://www.brit.com/products/51,Brit Premium Beef Puppy,2025-09-10T20:38:05.099327,scrapingbee_simulation,wet,adult,"chicken meal, chicken, corn, rice, pumpkin, peas, sunflower oil, probiotics, glucosamine","[""chicken meal"", ""chicken"", ""corn"", ""rice"", ""pumpkin"", ""peas"", ""sunflower oil"", ""probiotics"", ""glucosamine""]","[""chicken"", ""grain""]",21.2,12.1,4.1,6.4,11.6,333.1,5kg,27.34,5.47,economy,0.95,0.95,0.98,0.9,True,Product,Brit,Brit Premium Beef Puppy,brit|brit_premium_beef_puppy|wet,brit_premium_beef_puppy
brit_052,Brit,brit,https://www.brit.com/products/52,Brit Natural Venison Large Breed,2025-09-10T20:38:05.099345,scrapingbee_simulation,dry,all,"turkey, salmon, oats, wheat, carrots, peas, sunflower oil, probiotics, glucosamine","[""turkey"", ""salmon"", ""oats"", ""wheat"", ""carrots"", ""peas"", ""sunflower oil"", ""probiotics"", ""glucosamine""]","[""chicken"", ""fish"", ""grain""]",26.4,17.9,2.4,5.6,10.2,375.8,12kg,22.96,1.91,budget,0.95,0.95,0.98,0.9,,,Brit,Brit Natural Venison Large Breed,brit|brit_natural_venison_large_breed|dry,brit_natural_venison_large_breed
brit_053,Brit,brit,https://www.brit.com/products/53,Brit High-Protein Salmon Senior,2025-09-10T20:38:05.099362,scrapingbee_simulation,wet,adult,"chicken meal, chicken, corn, barley, carrots, pumpkin, salmon oil, chondroitin, probiotics","[""chicken meal"", ""chicken"", ""corn"", ""barley"", ""carrots"", ""pumpkin"", ""salmon oil"", ""chondroitin"", ""probiotics""]","[""chicken"", ""fish"", ""grain""]",18.1,13.6,4.3,6.2,8.1,352.9,15kg,30.81,2.05,budget,0.95,0.95,0.98,0.9,True,Product,Brit,Brit High-Protein Salmon Senior,brit|brit_high_protein_salmon_senior|wet,brit_high_protein_salmon_senior
brit_054,Brit,brit,https://www.brit.com/products/54,Brit Light Beef Senior,2025-09-10T20:38:05.099379,scrapingbee_simulation,dry,adult,"lamb meal, chicken, corn, oats, peas, spinach, flaxseed oil, vitamins, glucosamine","[""lamb meal"", ""chicken"", ""corn"", ""oats"", ""peas"", ""spinach"", ""flaxseed oil"", ""vitamins"", ""glucosamine""]","[""chicken"", ""lamb"", ""grain""]",19.2,18.6,5.1,5.8,11.7,363.9,5kg,25.17,5.03,economy,0.95,0.95,0.98,0.9,,,Brit,Brit Light Beef Senior,brit|brit_light_beef_senior|dry,brit_light_beef_senior
brit_055,Brit,brit,https://www.brit.com/products/55,Brit Light Salmon Adult,2025-09-10T20:38:05.099394,scrapingbee_simulation,,adult,"chicken meal, chicken, barley, corn, sweet potato, spinach, chicken fat, probiotics, minerals","[""chicken meal"", ""chicken"", ""barley"", ""corn"", ""sweet potato"", ""spinach"", ""chicken fat"", ""probiotics"", ""minerals""]","[""chicken"", ""grain""]",,,,,,,2kg,25.94,12.97,mid,0.0,0.95,0.98,0.9,True,Product,Brit,Brit Light Salmon Adult,brit|brit_light_salmon_adult|nan,brit_light_salmon_adult
brit_056,Brit,brit,https://www.brit.com/products/56,Brit Natural Turkey Puppy,2025-09-10T20:38:05.099409,scrapingbee_simulation,wet,adult,"beef, salmon, corn, oats, peas, carrots, salmon oil, probiotics, minerals","[""beef"", ""salmon"", ""corn"", ""oats"", ""peas"", ""carrots"", ""salmon oil"", ""probiotics"", ""minerals""]","[""beef"", ""fish"", ""grain""]",24.5,17.2,3.3,8.2,11.0,357.2,10kg,38.79,3.88,budget,0.95,0.95,0.98,0.9,,,Brit,Brit Natural Turkey Puppy,brit|brit_natural_turkey_puppy|wet,brit_natural_turkey_puppy
brit_057,Brit,brit,https://www.brit.com/products/57,Brit Natural Venison Puppy,2025-09-10T20:38:05.099425,scrapingbee_simulation,dry,,"lamb meal, salmon, wheat, oats, peas, sweet potato, flaxseed oil, chondroitin, vitamins","[""lamb meal"", ""salmon"", ""wheat"", ""oats"", ""peas"", ""sweet potato"", ""flaxseed oil"", ""chondroitin"", ""vitamins""]","[""lamb"", ""fish"", ""grain""]",31.0,17.3,2.6,7.1,10.2,366.9,5kg,22.83,4.57,budget,0.95,0.0,0.98,0.9,,,Brit,Brit Natural Venison Puppy,brit|brit_natural_venison_puppy|dry,brit_natural_venison_puppy
brit_058,Brit,brit,https://www.brit.com/products/58,Brit Natural Salmon Puppy,2025-09-10T20:38:05.099441,scrapingbee_simulation,dry,adult,"chicken meal, beef, oats, wheat, pumpkin, spinach, flaxseed oil, vitamins, minerals","[""chicken meal"", ""beef"", ""oats"", ""wheat"", ""pumpkin"", ""spinach"", ""flaxseed oil"", ""vitamins"", ""minerals""]","[""chicken"", ""beef"", ""grain""]",,,,,,,15kg,28.56,1.9,budget,0.95,0.95,0.98,0.9,,,Brit,Brit Natural Salmon Puppy,brit|brit_natural_salmon_puppy|dry,brit_natural_salmon_puppy
brit_059,Brit,brit,https://www.brit.com/products/59,Brit Natural Duck Senior,2025-09-10T20:38:05.099455,scrapingbee_simulation,dry,adult,"lamb meal, chicken meal, rice, corn, spinach, sweet potato, flaxseed oil, probiotics, glucosamine","[""lamb meal"", ""chicken meal"", ""rice"", ""corn"", ""spinach"", ""sweet potato"", ""flaxseed oil"", ""probiotics"", ""glucosamine""]","[""chicken"", ""lamb"", ""grain""]",23.6,15.6,5.9,8.3,8.8,347.5,1.5kg,34.49,22.99,premium,0.95,0.95,0.98,0.9,True,Product,Brit,Brit Natural Duck Senior,brit|brit_natural_duck_senior|dry,brit_natural_duck_senior
brit_060,Brit,brit,https://www.brit.com/products/60,Brit Premium Venison Senior,2025-09-10T20:38:05.099471,scrapingbee_simulation,wet,adult,"salmon, chicken meal, wheat, corn, sweet potato, carrots, chicken fat, probiotics, glucosamine","[""salmon"", ""chicken meal"", ""wheat"", ""corn"", ""sweet potato"", ""carrots"", ""chicken fat"", ""probiotics"", ""glucosamine""]","[""chicken"", ""fish"", ""grain""]",19.1,16.6,2.1,5.8,10.6,368.3,15kg,34.24,2.28,budget,0.95,0.95,0.98,0.9,True,Product,Brit,Brit Premium Venison Senior,brit|brit_premium_venison_senior|wet,brit_premium_venison_senior
brit_061,Brit,brit,https://www.brit.com/products/61,Brit Premium Beef Puppy,2025-09-10T20:38:05.099486,scrapingbee_simulation,dry,adult,"turkey, chicken meal, wheat, rice, pumpkin, peas, chicken fat, glucosamine, vitamins","[""turkey"", ""chicken meal"", ""wheat"", ""rice"", ""pumpkin"", ""peas"", ""chicken fat"", ""glucosamine"", ""vitamins""]","[""chicken"", ""grain""]",21.7,10.7,3.8,5.1,10.4,335.9,12kg,36.55,3.05,budget,0.95,0.95,0.98,0.9,,,Brit,Brit Premium Beef Puppy,brit|brit_premium_beef_puppy|dry,brit_premium_beef_puppy
brit_062,Brit,brit,https://www.brit.com/products/62,Brit Sensitive Chicken Senior,2025-09-10T20:38:05.099502,scrapingbee_simulation,dry,puppy,"salmon, chicken meal, corn, rice, spinach, pumpkin, salmon oil, chondroitin, glucosamine","[""salmon"", ""chicken meal"", ""corn"", ""rice"", ""spinach"", ""pumpkin"", ""salmon oil"", ""chondroitin"", ""glucosamine""]","[""chicken"", ""fish"", ""grain""]",26.2,16.5,2.9,7.8,8.1,366.7,5kg,,,,0.95,0.95,0.98,0.0,True,Product,Brit,Brit Sensitive Chicken Senior,brit|brit_sensitive_chicken_senior|dry,brit_sensitive_chicken_senior
brit_063,Brit,brit,https://www.brit.com/products/63,Brit Sensitive Beef Senior,2025-09-10T20:38:05.099535,scrapingbee_simulation,wet,adult,"chicken, beef, barley, rice, spinach, carrots, flaxseed oil, probiotics, vitamins","[""chicken"", ""beef"", ""barley"", ""rice"", ""spinach"", ""carrots"", ""flaxseed oil"", ""probiotics"", ""vitamins""]","[""chicken"", ""beef"", ""grain""]",31.9,9.4,5.0,7.0,11.0,316.5,12kg,32.4,2.7,budget,0.95,0.95,0.98,0.9,True,Product,Brit,Brit Sensitive Beef Senior,brit|brit_sensitive_beef_senior|wet,brit_sensitive_beef_senior
brit_064,Brit,brit,https://www.brit.com/products/64,Brit Grain-Free Venison Puppy,2025-09-10T20:38:05.099562,scrapingbee_simulation,dry,adult,"beef, chicken meal, oats, corn, peas, pumpkin, chicken fat, chondroitin, glucosamine","[""beef"", ""chicken meal"", ""oats"", ""corn"", ""peas"", ""pumpkin"", ""chicken fat"", ""chondroitin"", ""glucosamine""]","[""chicken"", ""beef"", ""grain""]",26.4,11.0,5.8,5.4,8.0,337.8,10kg,,,,0.95,0.95,0.98,0.0,,,Brit,Brit Grain-Free Venison Puppy,brit|brit_grain_free_venison_puppy|dry,brit_grain_free_venison_puppy
brit_065,Brit,brit,https://www.brit.com/products/65,Brit Premium Salmon Small Breed,2025-09-10T20:38:05.099580,scrapingbee_simulation,,adult,"lamb meal, chicken meal, wheat, rice, sweet potato, carrots, flaxseed oil, probiotics, minerals","[""lamb meal"", ""chicken meal"", ""wheat"", ""rice"", ""sweet potato"", ""carrots"", ""flaxseed oil"", ""probiotics"", ""minerals""]","[""chicken"", ""lamb"", ""grain""]",27.5,17.9,3.9,8.9,11.8,353.4,1.5kg,34.89,23.26,premium,0.0,0.95,0.98,0.9,True,Product,Brit,Brit Premium Salmon Small Breed,brit|brit_premium_salmon_small_breed|nan,brit_premium_salmon_small_breed
brit_066,Brit,brit,https://www.brit.com/products/66,Brit Active Beef Puppy,2025-09-10T20:38:05.099598,scrapingbee_simulation,wet,adult,"chicken, lamb meal, corn, rice, peas, carrots, salmon oil, minerals, chondroitin","[""chicken"", ""lamb meal"", ""corn"", ""rice"", ""peas"", ""carrots"", ""salmon oil"", ""minerals"", ""chondroitin""]","[""chicken"", ""lamb"", ""fish"", ""grain""]",19.1,17.2,3.2,8.1,10.9,358.3,10kg,30.37,3.04,budget,0.95,0.95,0.98,0.9,,,Brit,Brit Active Beef Puppy,brit|brit_active_beef_puppy|wet,brit_active_beef_puppy
brit_067,Brit,brit,https://www.brit.com/products/67,Brit Sensitive Chicken Puppy,2025-09-10T20:38:05.099615,scrapingbee_simulation,dry,adult,"beef, turkey, rice, wheat, sweet potato, spinach, salmon oil, vitamins, glucosamine","[""beef"", ""turkey"", ""rice"", ""wheat"", ""sweet potato"", ""spinach"", ""salmon oil"", ""vitamins"", ""glucosamine""]","[""chicken"", ""beef"", ""fish"", ""grain""]",22.6,10.9,4.6,7.1,11.8,322.2,10kg,20.21,2.02,budget,0.95,0.95,0.98,0.9,,,Brit,Brit Sensitive Chicken Puppy,brit|brit_sensitive_chicken_puppy|dry,brit_sensitive_chicken_puppy
brit_068,Brit,brit,https://www.brit.com/products/68,Brit High-Protein Salmon Small Breed,2025-09-10T20:38:05.099634,scrapingbee_simulation,semi-moist,puppy,"lamb meal, turkey, oats, corn, carrots, pumpkin, flaxseed oil, glucosamine, vitamins","[""lamb meal"", ""turkey"", ""oats"", ""corn"", ""carrots"", ""pumpkin"", ""flaxseed oil"", ""glucosamine"", ""vitamins""]","[""chicken"", ""lamb"", ""grain""]",18.1,15.1,2.4,6.1,9.8,361.4,12kg,33.62,2.8,budget,0.95,0.95,0.98,0.9,,,Brit,Brit High-Protein Salmon Small Breed,brit|brit_high_protein_salmon_small_breed|semi-moist,brit_high_protein_salmon_small_breed
brit_069,Brit,brit,https://www.brit.com/products/69,Brit Premium Duck Senior,2025-09-10T20:38:05.099651,scrapingbee_simulation,,senior,"beef, turkey, barley, rice, carrots, spinach, flaxseed oil, chondroitin, probiotics","[""beef"", ""turkey"", ""barley"", ""rice"", ""carrots"", ""spinach"", ""flaxseed oil"", ""chondroitin"", ""probiotics""]","[""chicken"", ""beef"", ""grain""]",21.1,16.5,2.5,8.2,11.9,353.4,15kg,30.29,2.02,budget,0.0,0.95,0.98,0.9,,,Brit,Brit Premium Duck Senior,brit|brit_premium_duck_senior|nan,brit_premium_duck_senior
brit_070,Brit,brit,https://www.brit.com/products/70,Brit Natural Salmon Small Breed,2025-09-10T20:38:05.099668,scrapingbee_simulation,wet,puppy,"salmon, beef, wheat, barley, carrots, pumpkin, flaxseed oil, vitamins, chondroitin","[""salmon"", ""beef"", ""wheat"", ""barley"", ""carrots"", ""pumpkin"", ""flaxseed oil"", ""vitamins"", ""chondroitin""]","[""beef"", ""fish"", ""grain""]",20.1,10.9,2.3,7.3,10.9,332.8,800g,21.65,27.06,premium,0.95,0.95,0.98,0.9,True,Product,Brit,Brit Natural Salmon Small Breed,brit|brit_natural_salmon_small_breed|wet,brit_natural_salmon_small_breed
brit_071,Brit,brit,https://www.brit.com/products/71,Brit Natural Chicken Small Breed,2025-09-10T20:38:05.099695,scrapingbee_simulation,,adult,"turkey, chicken, rice, wheat, spinach, peas, chicken fat, minerals, probiotics","[""turkey"", ""chicken"", ""rice"", ""wheat"", ""spinach"", ""peas"", ""chicken fat"", ""minerals"", ""probiotics""]","[""chicken"", ""grain""]",27.8,10.9,3.9,8.8,8.6,330.0,400g,,,,0.0,0.95,0.98,0.0,,,Brit,Brit Natural Chicken Small Breed,brit|brit_natural_chicken_small_breed|nan,brit_natural_chicken_small_breed
brit_072,Brit,brit,https://www.brit.com/products/72,Brit Light Salmon Puppy,2025-09-10T20:38:05.099709,scrapingbee_simulation,dry,adult,"chicken, chicken meal, rice, oats, spinach, sweet potato, chicken fat, glucosamine, minerals","[""chicken"", ""chicken meal"", ""rice"", ""oats"", ""spinach"", ""sweet potato"", ""chicken fat"", ""glucosamine"", ""minerals""]","[""chicken""]",20.9,18.4,4.8,7.6,11.6,358.0,400g,,,,0.95,0.95,0.98,0.0,,,Brit,Brit Light Salmon Puppy,brit|brit_light_salmon_puppy|dry,brit_light_salmon_puppy
brit_073,Brit,brit,https://www.brit.com/products/73,Brit Natural Beef Adult,2025-09-10T20:38:05.099724,scrapingbee_simulation,semi-moist,all,"lamb meal, chicken, rice, corn, spinach, peas, flaxseed oil, glucosamine, probiotics","[""lamb meal"", ""chicken"", ""rice"", ""corn"", ""spinach"", ""peas"", ""flaxseed oil"", ""glucosamine"", ""probiotics""]","[""chicken"", ""lamb"", ""grain""]",,,,,,,1.5kg,37.5,25.0,premium,0.95,0.95,0.98,0.9,,,Brit,Brit Natural Beef Adult,brit|brit_natural_beef_adult|semi-moist,brit_natural_beef_adult
briantos_001,Briantos,briantos,https://www.briantos.com/products/1,Briantos Sensitive Salmon Adult,2025-09-10T20:38:05.106899,scrapingbee_simulation,wet,senior,"chicken, turkey, corn, barley, sweet potato, carrots, sunflower oil, minerals, vitamins","[""chicken"", ""turkey"", ""corn"", ""barley"", ""sweet potato"", ""carrots"", ""sunflower oil"", ""minerals"", ""vitamins""]","[""chicken"", ""grain""]",28.3,15.4,2.0,6.9,9.0,364.4,2kg,20.13,10.06,mid,0.95,0.95,0.98,0.9,,,Briantos,Briantos Sensitive Salmon Adult,briantos|briantos_sensitive_salmon_adult|wet,briantos_sensitive_salmon_adult
briantos_002,Briantos,briantos,https://www.briantos.com/products/2,Briantos Active Turkey Large Breed,2025-09-10T20:38:05.106926,scrapingbee_simulation,wet,puppy,"chicken meal, lamb meal, barley, rice, carrots, sweet potato, chicken fat, vitamins, chondroitin","[""chicken meal"", ""lamb meal"", ""barley"", ""rice"", ""carrots"", ""sweet potato"", ""chicken fat"", ""vitamins"", ""chondroitin""]","[""chicken"", ""lamb"", ""grain""]",19.6,17.0,3.3,6.1,11.9,360.5,10kg,29.77,2.98,budget,0.95,0.95,0.98,0.9,,,Briantos,Briantos Active Turkey Large Breed,briantos|briantos_active_turkey_large_breed|wet,briantos_active_turkey_large_breed
briantos_003,Briantos,briantos,https://www.briantos.com/products/3,Briantos Grain-Free Beef Senior,2025-09-10T20:38:05.106945,scrapingbee_simulation,semi-moist,adult,"chicken, turkey, oats, corn, peas, spinach, chicken fat, glucosamine, probiotics","[""chicken"", ""turkey"", ""oats"", ""corn"", ""peas"", ""spinach"", ""chicken fat"", ""glucosamine"", ""probiotics""]","[""chicken"", ""grain""]",25.6,13.7,4.2,6.4,10.1,346.1,2kg,,,,0.95,0.95,0.98,0.0,True,Product,Briantos,Briantos Grain-Free Beef Senior,briantos|briantos_grain_free_beef_senior|semi-moist,briantos_grain_free_beef_senior
briantos_004,Briantos,briantos,https://www.briantos.com/products/4,Briantos Light Turkey Senior,2025-09-10T20:38:05.106961,scrapingbee_simulation,semi-moist,,"chicken, chicken meal, corn, rice, spinach, carrots, salmon oil, minerals, probiotics","[""chicken"", ""chicken meal"", ""corn"", ""rice"", ""spinach"", ""carrots"", ""salmon oil"", ""minerals"", ""probiotics""]","[""chicken"", ""fish"", ""grain""]",24.1,10.7,2.8,8.0,10.9,327.6,1.5kg,25.9,17.27,mid,0.95,0.0,0.98,0.9,True,Product,Briantos,Briantos Light Turkey Senior,briantos|briantos_light_turkey_senior|semi-moist,briantos_light_turkey_senior
briantos_005,Briantos,briantos,https://www.briantos.com/products/5,Briantos Natural Chicken Adult,2025-09-10T20:38:05.106976,scrapingbee_simulation,dry,all,"beef, lamb meal, wheat, barley, pumpkin, sweet potato, flaxseed oil, chondroitin, glucosamine","[""beef"", ""lamb meal"", ""wheat"", ""barley"", ""pumpkin"", ""sweet potato"", ""flaxseed oil"", ""chondroitin"", ""glucosamine""]","[""beef"", ""lamb"", ""grain""]",,,,,,,800g,24.9,31.12,premium,0.95,0.95,0.98,0.9,True,Product,Briantos,Briantos Natural Chicken Adult,briantos|briantos_natural_chicken_adult|dry,briantos_natural_chicken_adult
briantos_006,Briantos,briantos,https://www.briantos.com/products/6,Briantos High-Protein Turkey Large Breed,2025-09-10T20:38:05.106991,scrapingbee_simulation,dry,all,"lamb meal, turkey, corn, rice, pumpkin, spinach, salmon oil, glucosamine, probiotics","[""lamb meal"", ""turkey"", ""corn"", ""rice"", ""pumpkin"", ""spinach"", ""salmon oil"", ""glucosamine"", ""probiotics""]","[""chicken"", ""lamb"", ""fish"", ""grain""]",20.2,11.3,4.9,8.3,8.6,330.2,10kg,23.27,2.33,budget,0.95,0.95,0.98,0.9,,,Briantos,Briantos High-Protein Turkey Large Breed,briantos|briantos_high_protein_turkey_large_breed|dry,briantos_high_protein_turkey_large_breed
briantos_007,Briantos,briantos,https://www.briantos.com/products/7,Briantos Premium Lamb Senior,2025-09-10T20:38:05.107007,scrapingbee_simulation,dry,adult,"chicken, salmon, barley, rice, sweet potato, peas, chicken fat, minerals, vitamins","[""chicken"", ""salmon"", ""barley"", ""rice"", ""sweet potato"", ""peas"", ""chicken fat"", ""minerals"", ""vitamins""]","[""chicken"", ""fish"", ""grain""]",29.1,9.5,3.5,5.7,8.8,334.5,12kg,,,,0.95,0.95,0.98,0.0,,,Briantos,Briantos Premium Lamb Senior,briantos|briantos_premium_lamb_senior|dry,briantos_premium_lamb_senior
briantos_008,Briantos,briantos,https://www.briantos.com/products/8,Briantos Natural Lamb Small Breed,2025-09-10T20:38:05.107020,scrapingbee_simulation,wet,senior,"lamb meal, salmon, rice, barley, pumpkin, spinach, flaxseed oil, vitamins, probiotics","[""lamb meal"", ""salmon"", ""rice"", ""barley"", ""pumpkin"", ""spinach"", ""flaxseed oil"", ""vitamins"", ""probiotics""]","[""lamb"", ""fish"", ""grain""]",24.7,16.7,2.5,8.2,11.4,356.1,15kg,16.33,1.09,budget,0.95,0.95,0.98,0.9,,,Briantos,Briantos Natural Lamb Small Breed,briantos|briantos_natural_lamb_small_breed|wet,briantos_natural_lamb_small_breed
briantos_009,Briantos,briantos,https://www.briantos.com/products/9,Briantos Premium Beef Adult,2025-09-10T20:38:05.107036,scrapingbee_simulation,dry,adult,"chicken meal, beef, corn, oats, carrots, pumpkin, chicken fat, chondroitin, vitamins","[""chicken meal"", ""beef"", ""corn"", ""oats"", ""carrots"", ""pumpkin"", ""chicken fat"", ""chondroitin"", ""vitamins""]","[""chicken"", ""beef"", ""grain""]",23.8,15.7,2.3,8.5,8.8,359.9,5kg,20.05,4.01,budget,0.95,0.95,0.98,0.9,,,Briantos,Briantos Premium Beef Adult,briantos|briantos_premium_beef_adult|dry,briantos_premium_beef_adult
briantos_010,Briantos,briantos,https://www.briantos.com/products/10,Briantos Sensitive Salmon Large Breed,2025-09-10T20:38:05.107051,scrapingbee_simulation,dry,adult,"lamb meal, chicken, corn, barley, pumpkin, peas, salmon oil, glucosamine, chondroitin","[""lamb meal"", ""chicken"", ""corn"", ""barley"", ""pumpkin"", ""peas"", ""salmon oil"", ""glucosamine"", ""chondroitin""]","[""chicken"", ""lamb"", ""fish"", ""grain""]",27.6,8.0,3.0,9.0,11.6,307.4,800g,25.23,31.54,premium,0.95,0.95,0.98,0.9,,,Briantos,Briantos Sensitive Salmon Large Breed,briantos|briantos_sensitive_salmon_large_breed|dry,briantos_sensitive_salmon_large_breed
briantos_011,Briantos,briantos,https://www.briantos.com/products/11,Briantos Active Turkey Large Breed,2025-09-10T20:38:05.107065,scrapingbee_simulation,dry,adult,"beef, chicken, oats, wheat, carrots, peas, sunflower oil, vitamins, probiotics","[""beef"", ""chicken"", ""oats"", ""wheat"", ""carrots"", ""peas"", ""sunflower oil"", ""vitamins"", ""probiotics""]","[""chicken"", ""beef"", ""grain""]",26.6,13.2,4.0,8.5,10.9,334.1,15kg,19.54,1.3,budget,0.95,0.95,0.98,0.9,True,Product,Briantos,Briantos Active Turkey Large Breed,briantos|briantos_active_turkey_large_breed|dry,briantos_active_turkey_large_breed
briantos_012,Briantos,briantos,https://www.briantos.com/products/12,Briantos Sensitive Duck Large Breed,2025-09-10T20:38:05.107080,scrapingbee_simulation,wet,puppy,"beef, salmon, oats, corn, carrots, pumpkin, sunflower oil, minerals, chondroitin","[""beef"", ""salmon"", ""oats"", ""corn"", ""carrots"", ""pumpkin"", ""sunflower oil"", ""minerals"", ""chondroitin""]","[""beef"", ""fish"", ""grain""]",30.8,19.6,3.1,6.8,10.8,375.6,15kg,24.63,1.64,budget,0.95,0.95,0.98,0.9,,,Briantos,Briantos Sensitive Duck Large Breed,briantos|briantos_sensitive_duck_large_breed|wet,briantos_sensitive_duck_large_breed
briantos_013,Briantos,briantos,https://www.briantos.com/products/13,Briantos Grain-Free Salmon Puppy,2025-09-10T20:38:05.107095,scrapingbee_simulation,wet,senior,"lamb meal, chicken, oats, wheat, peas, spinach, chicken fat, chondroitin, probiotics","[""lamb meal"", ""chicken"", ""oats"", ""wheat"", ""peas"", ""spinach"", ""chicken fat"", ""chondroitin"", ""probiotics""]","[""chicken"", ""lamb"", ""grain""]",21.7,12.1,5.1,5.7,9.2,340.5,400g,16.3,40.75,super_premium,0.95,0.95,0.98,0.9,,,Briantos,Briantos Grain-Free Salmon Puppy,briantos|briantos_grain_free_salmon_puppy|wet,briantos_grain_free_salmon_puppy
briantos_014,Briantos,briantos,https://www.briantos.com/products/14,Briantos High-Protein Chicken Puppy,2025-09-10T20:38:05.107109,scrapingbee_simulation,wet,puppy,"chicken meal, beef, oats, rice, pumpkin, sweet potato, salmon oil, vitamins, chondroitin","[""chicken meal"", ""beef"", ""oats"", ""rice"", ""pumpkin"", ""sweet potato"", ""salmon oil"", ""vitamins"", ""chondroitin""]","[""chicken"", ""beef"", ""fish""]",19.5,11.0,3.7,8.6,11.7,321.0,12kg,15.53,1.29,budget,0.95,0.95,0.98,0.9,True,Product,Briantos,Briantos High-Protein Chicken Puppy,briantos|briantos_high_protein_chicken_puppy|wet,briantos_high_protein_chicken_puppy
briantos_015,Briantos,briantos,https://www.briantos.com/products/15,Briantos Active Chicken Adult,2025-09-10T20:38:05.107125,scrapingbee_simulation,dry,puppy,"lamb meal, salmon, oats, corn, sweet potato, pumpkin, sunflower oil, probiotics, vitamins","[""lamb meal"", ""salmon"", ""oats"", ""corn"", ""sweet potato"", ""pumpkin"", ""sunflower oil"", ""probiotics"", ""vitamins""]","[""lamb"", ""fish"", ""grain""]",30.3,17.7,2.5,8.3,8.7,370.2,400g,26.1,65.25,super_premium,0.95,0.95,0.98,0.9,True,Product,Briantos,Briantos Active Chicken Adult,briantos|briantos_active_chicken_adult|dry,briantos_active_chicken_adult
briantos_016,Briantos,briantos,https://www.briantos.com/products/16,Briantos Sensitive Beef Small Breed,2025-09-10T20:38:05.107140,scrapingbee_simulation,wet,adult,"salmon, chicken, oats, rice, spinach, pumpkin, sunflower oil, chondroitin, probiotics","[""salmon"", ""chicken"", ""oats"", ""rice"", ""spinach"", ""pumpkin"", ""sunflower oil"", ""chondroitin"", ""probiotics""]","[""chicken"", ""fish""]",24.6,15.4,3.5,8.7,9.6,350.7,800g,32.74,40.92,super_premium,0.95,0.95,0.98,0.9,True,Product,Briantos,Briantos Sensitive Beef Small Breed,briantos|briantos_sensitive_beef_small_breed|wet,briantos_sensitive_beef_small_breed
briantos_017,Briantos,briantos,https://www.briantos.com/products/17,Briantos Active Duck Small Breed,2025-09-10T20:38:05.107155,scrapingbee_simulation,dry,adult,"lamb meal, salmon, barley, corn, peas, sweet potato, sunflower oil, glucosamine, chondroitin","[""lamb meal"", ""salmon"", ""barley"", ""corn"", ""peas"", ""sweet potato"", ""sunflower oil"", ""glucosamine"", ""chondroitin""]","[""lamb"", ""fish"", ""grain""]",24.6,11.9,2.6,6.6,9.4,344.4,1.5kg,22.22,14.81,mid,0.95,0.95,0.98,0.9,,,Briantos,Briantos Active Duck Small Breed,briantos|briantos_active_duck_small_breed|dry,briantos_active_duck_small_breed
briantos_018,Briantos,briantos,https://www.briantos.com/products/18,Briantos Active Beef Senior,2025-09-10T20:38:05.107170,scrapingbee_simulation,wet,puppy,"turkey, salmon, oats, barley, peas, pumpkin, flaxseed oil, vitamins, chondroitin","[""turkey"", ""salmon"", ""oats"", ""barley"", ""peas"", ""pumpkin"", ""flaxseed oil"", ""vitamins"", ""chondroitin""]","[""chicken"", ""fish"", ""grain""]",18.7,11.6,5.9,8.6,10.2,321.6,10kg,30.64,3.06,budget,0.95,0.95,0.98,0.9,,,Briantos,Briantos Active Beef Senior,briantos|briantos_active_beef_senior|wet,briantos_active_beef_senior
briantos_019,Briantos,briantos,https://www.briantos.com/products/19,Briantos Natural Lamb Puppy,2025-09-10T20:38:05.107185,scrapingbee_simulation,dry,senior,"chicken meal, beef, wheat, barley, spinach, pumpkin, sunflower oil, minerals, vitamins","[""chicken meal"", ""beef"", ""wheat"", ""barley"", ""spinach"", ""pumpkin"", ""sunflower oil"", ""minerals"", ""vitamins""]","[""chicken"", ""beef"", ""grain""]",23.2,9.6,3.1,5.0,9.7,335.7,15kg,,,,0.95,0.95,0.98,0.0,,,Briantos,Briantos Natural Lamb Puppy,briantos|briantos_natural_lamb_puppy|dry,briantos_natural_lamb_puppy
briantos_020,Briantos,briantos,https://www.briantos.com/products/20,Briantos Natural Beef Puppy,2025-09-10T20:38:05.107198,scrapingbee_simulation,wet,adult,"chicken, beef, wheat, barley, carrots, peas, salmon oil, minerals, glucosamine","[""chicken"", ""beef"", ""wheat"", ""barley"", ""carrots"", ""peas"", ""salmon oil"", ""minerals"", ""glucosamine""]","[""chicken"", ""beef"", ""fish"", ""grain""]",,,,,,,1.5kg,16.56,11.04,mid,0.95,0.95,0.98,0.9,True,Product,Briantos,Briantos Natural Beef Puppy,briantos|briantos_natural_beef_puppy|wet,briantos_natural_beef_puppy
briantos_021,Briantos,briantos,https://www.briantos.com/products/21,Briantos Sensitive Lamb Large Breed,2025-09-10T20:38:05.107211,scrapingbee_simulation,dry,puppy,"chicken meal, chicken, rice, barley, sweet potato, pumpkin, chicken fat, chondroitin, probiotics","[""chicken meal"", ""chicken"", ""rice"", ""barley"", ""sweet potato"", ""pumpkin"", ""chicken fat"", ""chondroitin"", ""probiotics""]","[""chicken"", ""grain""]",22.2,15.0,2.1,8.2,10.5,352.2,12kg,27.6,2.3,budget,0.95,0.95,0.98,0.9,,,Briantos,Briantos Sensitive Lamb Large Breed,briantos|briantos_sensitive_lamb_large_breed|dry,briantos_sensitive_lamb_large_breed
briantos_022,Briantos,briantos,https://www.briantos.com/products/22,Briantos Grain-Free Lamb Adult,2025-09-10T20:38:05.107226,scrapingbee_simulation,dry,adult,"turkey, chicken, corn, barley, carrots, sweet potato, chicken fat, glucosamine, chondroitin","[""turkey"", ""chicken"", ""corn"", ""barley"", ""carrots"", ""sweet potato"", ""chicken fat"", ""glucosamine"", ""chondroitin""]","[""chicken"", ""grain""]",19.0,13.2,3.0,7.3,9.7,346.0,2kg,33.34,16.67,mid,0.95,0.95,0.98,0.9,True,Product,Briantos,Briantos Grain-Free Lamb Adult,briantos|briantos_grain_free_lamb_adult|dry,briantos_grain_free_lamb_adult
briantos_023,Briantos,briantos,https://www.briantos.com/products/23,Briantos Natural Turkey Small Breed,2025-09-10T20:38:05.107241,scrapingbee_simulation,wet,adult,"salmon, turkey, wheat, barley, peas, pumpkin, chicken fat, probiotics, vitamins","[""salmon"", ""turkey"", ""wheat"", ""barley"", ""peas"", ""pumpkin"", ""chicken fat"", ""probiotics"", ""vitamins""]","[""chicken"", ""fish"", ""grain""]",30.8,16.5,3.8,6.3,11.6,356.6,12kg,,,,0.95,0.95,0.98,0.0,,,Briantos,Briantos Natural Turkey Small Breed,briantos|briantos_natural_turkey_small_breed|wet,briantos_natural_turkey_small_breed
briantos_024,Briantos,briantos,https://www.briantos.com/products/24,Briantos Active Turkey Large Breed,2025-09-10T20:38:05.107254,scrapingbee_simulation,semi-moist,adult,"turkey, beef, corn, wheat, spinach, sweet potato, sunflower oil, chondroitin, glucosamine","[""turkey"", ""beef"", ""corn"", ""wheat"", ""spinach"", ""sweet potato"", ""sunflower oil"", ""chondroitin"", ""glucosamine""]","[""chicken"", ""beef"", ""grain""]",,,,,,,800g,,,,0.95,0.95,0.98,0.0,,,Briantos,Briantos Active Turkey Large Breed,briantos|briantos_active_turkey_large_breed|semi-moist,briantos_active_turkey_large_breed
briantos_025,Briantos,briantos,https://www.briantos.com/products/25,Briantos Premium Lamb Large Breed,2025-09-10T20:38:05.107265,scrapingbee_simulation,wet,adult,"chicken, salmon, corn, oats, pumpkin, peas, salmon oil, chondroitin, probiotics","[""chicken"", ""salmon"", ""corn"", ""oats"", ""pumpkin"", ""peas"", ""salmon oil"", ""chondroitin"", ""probiotics""]","[""chicken"", ""fish"", ""grain""]",18.9,9.7,4.6,5.4,11.1,324.6,400g,15.1,37.75,premium,0.95,0.95,0.98,0.9,True,Product,Briantos,Briantos Premium Lamb Large Breed,briantos|briantos_premium_lamb_large_breed|wet,briantos_premium_lamb_large_breed
briantos_026,Briantos,briantos,https://www.briantos.com/products/26,Briantos Grain-Free Lamb Adult,2025-09-10T20:38:05.107280,scrapingbee_simulation,dry,all,"chicken meal, lamb meal, barley, rice, carrots, spinach, sunflower oil, glucosamine, minerals","[""chicken meal"", ""lamb meal"", ""barley"", ""rice"", ""carrots"", ""spinach"", ""sunflower oil"", ""glucosamine"", ""minerals""]","[""chicken"", ""lamb"", ""grain""]",28.0,8.9,2.9,6.6,10.8,323.4,2kg,18.65,9.32,economy,0.95,0.95,0.98,0.9,,,Briantos,Briantos Grain-Free Lamb Adult,briantos|briantos_grain_free_lamb_adult|dry,briantos_grain_free_lamb_adult
briantos_027,Briantos,briantos,https://www.briantos.com/products/27,Briantos Sensitive Salmon Adult,2025-09-10T20:38:05.107296,scrapingbee_simulation,dry,puppy,"lamb meal, beef, wheat, oats, spinach, peas, salmon oil, minerals, glucosamine","[""lamb meal"", ""beef"", ""wheat"", ""oats"", ""spinach"", ""peas"", ""salmon oil"", ""minerals"", ""glucosamine""]","[""beef"", ""lamb"", ""fish"", ""grain""]",23.4,10.1,4.5,7.3,9.5,326.0,800g,22.37,27.96,premium,0.95,0.95,0.98,0.9,True,Product,Briantos,Briantos Sensitive Salmon Adult,briantos|briantos_sensitive_salmon_adult|dry,briantos_sensitive_salmon_adult
briantos_028,Briantos,briantos,https://www.briantos.com/products/28,Briantos Active Chicken Puppy,2025-09-10T20:38:05.107310,scrapingbee_simulation,dry,puppy,"chicken meal, chicken, oats, barley, spinach, pumpkin, salmon oil, glucosamine, chondroitin","[""chicken meal"", ""chicken"", ""oats"", ""barley"", ""spinach"", ""pumpkin"", ""salmon oil"", ""glucosamine"", ""chondroitin""]","[""chicken"", ""fish"", ""grain""]",30.0,17.9,5.6,8.3,11.7,349.9,800g,21.2,26.5,premium,0.95,0.95,0.98,0.9,,,Briantos,Briantos Active Chicken Puppy,briantos|briantos_active_chicken_puppy|dry,briantos_active_chicken_puppy
briantos_029,Briantos,briantos,https://www.briantos.com/products/29,Briantos High-Protein Turkey Puppy,2025-09-10T20:38:05.107325,scrapingbee_simulation,wet,adult,"turkey, chicken, rice, oats, carrots, spinach, sunflower oil, chondroitin, vitamins","[""turkey"", ""chicken"", ""rice"", ""oats"", ""carrots"", ""spinach"", ""sunflower oil"", ""chondroitin"", ""vitamins""]","[""chicken""]",23.8,16.8,2.4,8.1,10.6,360.2,400g,15.44,38.6,premium,0.95,0.95,0.98,0.9,,,Briantos,Briantos High-Protein Turkey Puppy,briantos|briantos_high_protein_turkey_puppy|wet,briantos_high_protein_turkey_puppy
briantos_030,Briantos,briantos,https://www.briantos.com/products/30,Briantos Sensitive Lamb Small Breed,2025-09-10T20:38:05.107340,scrapingbee_simulation,dry,all,"chicken, salmon, oats, corn, peas, pumpkin, salmon oil, glucosamine, minerals","[""chicken"", ""salmon"", ""oats"", ""corn"", ""peas"", ""pumpkin"", ""salmon oil"", ""glucosamine"", ""minerals""]","[""chicken"", ""fish"", ""grain""]",22.6,11.6,3.5,6.4,10.2,337.7,2kg,18.48,9.24,economy,0.95,0.95,0.98,0.9,True,Product,Briantos,Briantos Sensitive Lamb Small Breed,briantos|briantos_sensitive_lamb_small_breed|dry,briantos_sensitive_lamb_small_breed
briantos_031,Briantos,briantos,https://www.briantos.com/products/31,Briantos Sensitive Lamb Small Breed,2025-09-10T20:38:05.107355,scrapingbee_simulation,dry,adult,"lamb meal, chicken, oats, rice, carrots, spinach, flaxseed oil, minerals, vitamins","[""lamb meal"", ""chicken"", ""oats"", ""rice"", ""carrots"", ""spinach"", ""flaxseed oil"", ""minerals"", ""vitamins""]","[""chicken"", ""lamb""]",29.5,9.1,2.9,6.5,10.2,326.9,12kg,26.45,2.2,budget,0.95,0.95,0.98,0.9,,,Briantos,Briantos Sensitive Lamb Small Breed,briantos|briantos_sensitive_lamb_small_breed|dry,briantos_sensitive_lamb_small_breed
briantos_032,Briantos,briantos,https://www.briantos.com/products/32,Briantos Natural Salmon Large Breed,2025-09-10T20:38:05.107369,scrapingbee_simulation,dry,puppy,"lamb meal, chicken meal, rice, barley, sweet potato, pumpkin, flaxseed oil, vitamins, glucosamine","[""lamb meal"", ""chicken meal"", ""rice"", ""barley"", ""sweet potato"", ""pumpkin"", ""flaxseed oil"", ""vitamins"", ""glucosamine""]","[""chicken"", ""lamb"", ""grain""]",,,,,,,800g,29.4,36.75,premium,0.95,0.95,0.98,0.9,True,Product,Briantos,Briantos Natural Salmon Large Breed,briantos|briantos_natural_salmon_large_breed|dry,briantos_natural_salmon_large_breed
briantos_033,Briantos,briantos,https://www.briantos.com/products/33,Briantos High-Protein Salmon Adult,2025-09-10T20:38:05.107383,scrapingbee_simulation,dry,adult,"lamb meal, beef, rice, corn, sweet potato, carrots, chicken fat, probiotics, glucosamine","[""lamb meal"", ""beef"", ""rice"", ""corn"", ""sweet potato"", ""carrots"", ""chicken fat"", ""probiotics"", ""glucosamine""]","[""chicken"", ""beef"", ""lamb"", ""grain""]",19.7,13.5,5.7,6.1,8.1,347.8,2kg,23.39,11.7,mid,0.95,0.95,0.98,0.9,True,Product,Briantos,Briantos High-Protein Salmon Adult,briantos|briantos_high_protein_salmon_adult|dry,briantos_high_protein_salmon_adult
briantos_034,Briantos,briantos,https://www.briantos.com/products/34,Briantos Premium Chicken Large Breed,2025-09-10T20:38:05.107397,scrapingbee_simulation,wet,adult,"chicken, lamb meal, corn, wheat, sweet potato, spinach, sunflower oil, minerals, vitamins","[""chicken"", ""lamb meal"", ""corn"", ""wheat"", ""sweet potato"", ""spinach"", ""sunflower oil"", ""minerals"", ""vitamins""]","[""chicken"", ""lamb"", ""grain""]",31.0,8.1,6.0,7.1,11.6,304.0,10kg,19.63,1.96,budget,0.95,0.95,0.98,0.9,,,Briantos,Briantos Premium Chicken Large Breed,briantos|briantos_premium_chicken_large_breed|wet,briantos_premium_chicken_large_breed
briantos_035,Briantos,briantos,https://www.briantos.com/products/35,Briantos Light Beef Large Breed,2025-09-10T20:38:05.107412,scrapingbee_simulation,dry,adult,"salmon, chicken, oats, barley, peas, spinach, salmon oil, glucosamine, minerals","[""salmon"", ""chicken"", ""oats"", ""barley"", ""peas"", ""spinach"", ""salmon oil"", ""glucosamine"", ""minerals""]","[""chicken"", ""fish"", ""grain""]",22.1,15.4,5.8,8.2,11.4,338.1,15kg,,,,0.95,0.95,0.98,0.0,,,Briantos,Briantos Light Beef Large Breed,briantos|briantos_light_beef_large_breed|dry,briantos_light_beef_large_breed
briantos_036,Briantos,briantos,https://www.briantos.com/products/36,Briantos Grain-Free Turkey Small Breed,2025-09-10T20:38:05.107425,scrapingbee_simulation,wet,adult,"lamb meal, turkey, rice, oats, carrots, pumpkin, sunflower oil, minerals, vitamins","[""lamb meal"", ""turkey"", ""rice"", ""oats"", ""carrots"", ""pumpkin"", ""sunflower oil"", ""minerals"", ""vitamins""]","[""chicken"", ""lamb""]",25.2,10.2,5.1,6.5,11.7,319.4,5kg,30.48,6.1,economy,0.95,0.95,0.98,0.9,,,Briantos,Briantos Grain-Free Turkey Small Breed,briantos|briantos_grain_free_turkey_small_breed|wet,briantos_grain_free_turkey_small_breed
briantos_037,Briantos,briantos,https://www.briantos.com/products/37,Briantos Light Lamb Adult,2025-09-10T20:38:05.107441,scrapingbee_simulation,dry,puppy,"lamb meal, turkey, corn, barley, sweet potato, spinach, chicken fat, minerals, vitamins","[""lamb meal"", ""turkey"", ""corn"", ""barley"", ""sweet potato"", ""spinach"", ""chicken fat"", ""minerals"", ""vitamins""]","[""chicken"", ""lamb"", ""grain""]",29.2,19.9,5.4,5.9,10.5,373.2,15kg,31.6,2.11,budget,0.95,0.95,0.98,0.9,True,Product,Briantos,Briantos Light Lamb Adult,briantos|briantos_light_lamb_adult|dry,briantos_light_lamb_adult
briantos_038,Briantos,briantos,https://www.briantos.com/products/38,Briantos Premium Lamb Puppy,2025-09-10T20:38:05.107456,scrapingbee_simulation,dry,adult,"turkey, chicken meal, corn, barley, spinach, sweet potato, sunflower oil, chondroitin, minerals","[""turkey"", ""chicken meal"", ""corn"", ""barley"", ""spinach"", ""sweet potato"", ""sunflower oil"", ""chondroitin"", ""minerals""]","[""chicken"", ""grain""]",18.3,19.3,2.7,8.5,9.9,372.7,12kg,19.22,1.6,budget,0.95,0.95,0.98,0.9,,,Briantos,Briantos Premium Lamb Puppy,briantos|briantos_premium_lamb_puppy|dry,briantos_premium_lamb_puppy
briantos_039,Briantos,briantos,https://www.briantos.com/products/39,Briantos High-Protein Chicken Senior,2025-09-10T20:38:05.107470,scrapingbee_simulation,dry,adult,"salmon, beef, barley, rice, peas, pumpkin, chicken fat, minerals, vitamins","[""salmon"", ""beef"", ""barley"", ""rice"", ""peas"", ""pumpkin"", ""chicken fat"", ""minerals"", ""vitamins""]","[""chicken"", ""beef"", ""fish"", ""grain""]",19.2,16.1,3.4,7.2,8.0,365.4,2kg,29.23,14.62,mid,0.95,0.95,0.98,0.9,,,Briantos,Briantos High-Protein Chicken Senior,briantos|briantos_high_protein_chicken_senior|dry,briantos_high_protein_chicken_senior
briantos_040,Briantos,briantos,https://www.briantos.com/products/40,Briantos Light Lamb Adult,2025-09-10T20:38:05.107485,scrapingbee_simulation,dry,adult,"salmon, turkey, barley, corn, sweet potato, peas, salmon oil, glucosamine, minerals","[""salmon"", ""turkey"", ""barley"", ""corn"", ""sweet potato"", ""peas"", ""salmon oil"", ""glucosamine"", ""minerals""]","[""chicken"", ""fish"", ""grain""]",23.9,18.5,2.6,6.0,8.4,383.0,1.5kg,27.28,18.19,mid,0.95,0.95,0.98,0.9,True,Product,Briantos,Briantos Light Lamb Adult,briantos|briantos_light_lamb_adult|dry,briantos_light_lamb_adult
briantos_041,Briantos,briantos,https://www.briantos.com/products/41,Briantos Sensitive Salmon Senior,2025-09-10T20:38:05.107500,scrapingbee_simulation,wet,all,"chicken, turkey, rice, barley, sweet potato, carrots, salmon oil, vitamins, probiotics","[""chicken"", ""turkey"", ""rice"", ""barley"", ""sweet potato"", ""carrots"", ""salmon oil"", ""vitamins"", ""probiotics""]","[""chicken"", ""fish"", ""grain""]",22.7,14.3,2.7,8.8,9.9,346.6,10kg,17.02,1.7,budget,0.95,0.95,0.98,0.9,True,Product,Briantos,Briantos Sensitive Salmon Senior,briantos|briantos_sensitive_salmon_senior|wet,briantos_sensitive_salmon_senior
briantos_042,Briantos,briantos,https://www.briantos.com/products/42,Briantos High-Protein Duck Adult,2025-09-10T20:38:05.107514,scrapingbee_simulation,dry,all,"turkey, chicken meal, corn, barley, peas, carrots, sunflower oil, glucosamine, vitamins","[""turkey"", ""chicken meal"", ""corn"", ""barley"", ""peas"", ""carrots"", ""sunflower oil"", ""glucosamine"", ""vitamins""]","[""chicken"", ""grain""]",25.0,16.8,5.8,7.5,8.1,359.1,12kg,15.41,1.28,budget,0.95,0.95,0.98,0.9,True,Product,Briantos,Briantos High-Protein Duck Adult,briantos|briantos_high_protein_duck_adult|dry,briantos_high_protein_duck_adult
briantos_043,Briantos,briantos,https://www.briantos.com/products/43,Briantos Grain-Free Chicken Senior,2025-09-10T20:38:05.107528,scrapingbee_simulation,dry,adult,"turkey, chicken meal, rice, corn, peas, carrots, chicken fat, probiotics, minerals","[""turkey"", ""chicken meal"", ""rice"", ""corn"", ""peas"", ""carrots"", ""chicken fat"", ""probiotics"", ""minerals""]","[""chicken"", ""grain""]",27.7,12.1,4.1,6.3,10.3,338.1,2kg,,,,0.95,0.95,0.98,0.0,,,Briantos,Briantos Grain-Free Chicken Senior,briantos|briantos_grain_free_chicken_senior|dry,briantos_grain_free_chicken_senior
briantos_044,Briantos,briantos,https://www.briantos.com/products/44,Briantos Light Duck Small Breed,2025-09-10T20:38:05.107542,scrapingbee_simulation,raw,puppy,"salmon, lamb meal, wheat, rice, peas, carrots, chicken fat, minerals, glucosamine","[""salmon"", ""lamb meal"", ""wheat"", ""rice"", ""peas"", ""carrots"", ""chicken fat"", ""minerals"", ""glucosamine""]","[""chicken"", ""lamb"", ""fish"", ""grain""]",30.2,14.8,4.0,5.3,10.0,356.5,2kg,22.15,11.07,mid,0.95,0.95,0.98,0.9,,,Briantos,Briantos Light Duck Small Breed,briantos|briantos_light_duck_small_breed|raw,briantos_light_duck_small_breed
briantos_045,Briantos,briantos,https://www.briantos.com/products/45,Briantos Active Venison Senior,2025-09-10T20:38:05.107556,scrapingbee_simulation,dry,puppy,"turkey, lamb meal, wheat, corn, spinach, peas, chicken fat, vitamins, glucosamine","[""turkey"", ""lamb meal"", ""wheat"", ""corn"", ""spinach"", ""peas"", ""chicken fat"", ""vitamins"", ""glucosamine""]","[""chicken"", ""lamb"", ""grain""]",28.3,8.9,5.0,6.9,9.6,319.2,5kg,29.38,5.88,economy,0.95,0.95,0.98,0.9,True,Product,Briantos,Briantos Active Venison Senior,briantos|briantos_active_venison_senior|dry,briantos_active_venison_senior
briantos_046,Briantos,briantos,https://www.briantos.com/products/46,Briantos High-Protein Venison Adult,2025-09-10T20:38:05.107571,scrapingbee_simulation,dry,puppy,"beef, chicken, wheat, barley, carrots, spinach, chicken fat, probiotics, vitamins","[""beef"", ""chicken"", ""wheat"", ""barley"", ""carrots"", ""spinach"", ""chicken fat"", ""probiotics"", ""vitamins""]","[""chicken"", ""beef"", ""grain""]",27.1,12.4,2.5,7.0,10.3,342.7,10kg,,,,0.95,0.95,0.98,0.0,,,Briantos,Briantos High-Protein Venison Adult,briantos|briantos_high_protein_venison_adult|dry,briantos_high_protein_venison_adult
bozita_001,Bozita,bozita,https://www.bozita.com/products/1,Bozita High-Protein Chicken Adult,2025-09-10T20:38:05.108812,scrapingbee_simulation,dry,puppy,"turkey, lamb meal, barley, corn, spinach, carrots, flaxseed oil, chondroitin, probiotics","[""turkey"", ""lamb meal"", ""barley"", ""corn"", ""spinach"", ""carrots"", ""flaxseed oil"", ""chondroitin"", ""probiotics""]","[""chicken"", ""lamb"", ""grain""]",29.3,18.8,2.3,7.2,10.4,374.4,1.5kg,26.36,17.57,mid,0.95,0.95,0.98,0.9,,,Bozita,Bozita High-Protein Chicken Adult,bozita|bozita_high_protein_chicken_adult|dry,bozita_high_protein_chicken_adult
bozita_002,Bozita,bozita,https://www.bozita.com/products/2,Bozita Premium Lamb Puppy,2025-09-10T20:38:05.108837,scrapingbee_simulation,wet,adult,"salmon, turkey, rice, wheat, spinach, pumpkin, flaxseed oil, vitamins, probiotics","[""salmon"", ""turkey"", ""rice"", ""wheat"", ""spinach"", ""pumpkin"", ""flaxseed oil"", ""vitamins"", ""probiotics""]","[""chicken"", ""fish"", ""grain""]",29.8,15.0,4.6,6.1,10.4,351.2,800g,36.54,45.67,super_premium,0.95,0.95,0.98,0.9,,,Bozita,Bozita Premium Lamb Puppy,bozita|bozita_premium_lamb_puppy|wet,bozita_premium_lamb_puppy
bozita_003,Bozita,bozita,https://www.bozita.com/products/3,Bozita Grain-Free Duck Small Breed,2025-09-10T20:38:05.108854,scrapingbee_simulation,wet,puppy,"chicken meal, salmon, barley, wheat, sweet potato, peas, sunflower oil, chondroitin, probiotics","[""chicken meal"", ""salmon"", ""barley"", ""wheat"", ""sweet potato"", ""peas"", ""sunflower oil"", ""chondroitin"", ""probiotics""]","[""chicken"", ""fish"", ""grain""]",20.5,18.6,2.6,6.0,11.3,373.4,15kg,38.52,2.57,budget,0.95,0.95,0.98,0.9,True,Product,Bozita,Bozita Grain-Free Duck Small Breed,bozita|bozita_grain_free_duck_small_breed|wet,bozita_grain_free_duck_small_breed
bozita_004,Bozita,bozita,https://www.bozita.com/products/4,Bozita Active Lamb Senior,2025-09-10T20:38:05.108870,scrapingbee_simulation,,senior,"chicken, turkey, barley, corn, sweet potato, peas, sunflower oil, vitamins, glucosamine","[""chicken"", ""turkey"", ""barley"", ""corn"", ""sweet potato"", ""peas"", ""sunflower oil"", ""vitamins"", ""glucosamine""]","[""chicken"", ""grain""]",,,,,,,1.5kg,31.83,21.22,premium,0.0,0.95,0.98,0.9,,,Bozita,Bozita Active Lamb Senior,bozita|bozita_active_lamb_senior|nan,bozita_active_lamb_senior
bozita_005,Bozita,bozita,https://www.bozita.com/products/5,Bozita Premium Venison Senior,2025-09-10T20:38:05.108884,scrapingbee_simulation,wet,adult,"chicken, lamb meal, wheat, barley, carrots, pumpkin, salmon oil, chondroitin, vitamins","[""chicken"", ""lamb meal"", ""wheat"", ""barley"", ""carrots"", ""pumpkin"", ""salmon oil"", ""chondroitin"", ""vitamins""]","[""chicken"", ""lamb"", ""fish"", ""grain""]",26.4,10.3,5.0,8.6,10.3,317.8,10kg,30.44,3.04,budget,0.95,0.95,0.98,0.9,,,Bozita,Bozita Premium Venison Senior,bozita|bozita_premium_venison_senior|wet,bozita_premium_venison_senior
bozita_006,Bozita,bozita,https://www.bozita.com/products/6,Bozita High-Protein Lamb Puppy,2025-09-10T20:38:05.108899,scrapingbee_simulation,dry,senior,"beef, lamb meal, rice, corn, carrots, spinach, chicken fat, vitamins, chondroitin","[""beef"", ""lamb meal"", ""rice"", ""corn"", ""carrots"", ""spinach"", ""chicken fat"", ""vitamins"", ""chondroitin""]","[""chicken"", ""beef"", ""lamb"", ""grain""]",22.4,8.2,2.7,8.5,11.6,311.2,10kg,24.21,2.42,budget,0.95,0.95,0.98,0.9,,,Bozita,Bozita High-Protein Lamb Puppy,bozita|bozita_high_protein_lamb_puppy|dry,bozita_high_protein_lamb_puppy
bozita_007,Bozita,bozita,https://www.bozita.com/products/7,Bozita High-Protein Duck Large Breed,2025-09-10T20:38:05.108914,scrapingbee_simulation,wet,adult,"beef, lamb meal, corn, oats, sweet potato, spinach, salmon oil, chondroitin, vitamins","[""beef"", ""lamb meal"", ""corn"", ""oats"", ""sweet potato"", ""spinach"", ""salmon oil"", ""chondroitin"", ""vitamins""]","[""beef"", ""lamb"", ""fish"", ""grain""]",20.1,13.2,3.0,7.1,9.2,348.5,15kg,21.3,1.42,budget,0.95,0.95,0.98,0.9,,,Bozita,Bozita High-Protein Duck Large Breed,bozita|bozita_high_protein_duck_large_breed|wet,bozita_high_protein_duck_large_breed
bozita_008,Bozita,bozita,https://www.bozita.com/products/8,Bozita Natural Lamb Adult,2025-09-10T20:38:05.108929,scrapingbee_simulation,dry,puppy,"lamb meal, beef, rice, wheat, spinach, carrots, chicken fat, probiotics, minerals","[""lamb meal"", ""beef"", ""rice"", ""wheat"", ""spinach"", ""carrots"", ""chicken fat"", ""probiotics"", ""minerals""]","[""chicken"", ""beef"", ""lamb"", ""grain""]",,,,,,,1.5kg,20.09,13.39,mid,0.95,0.95,0.98,0.9,,,Bozita,Bozita Natural Lamb Adult,bozita|bozita_natural_lamb_adult|dry,bozita_natural_lamb_adult
bozita_009,Bozita,bozita,https://www.bozita.com/products/9,Bozita Sensitive Salmon Senior,2025-09-10T20:38:05.108942,scrapingbee_simulation,dry,puppy,"turkey, beef, oats, corn, pumpkin, carrots, chicken fat, chondroitin, probiotics","[""turkey"", ""beef"", ""oats"", ""corn"", ""pumpkin"", ""carrots"", ""chicken fat"", ""chondroitin"", ""probiotics""]","[""chicken"", ""beef"", ""grain""]",28.4,13.3,4.9,6.7,8.8,345.1,800g,24.97,31.21,premium,0.95,0.95,0.98,0.9,,,Bozita,Bozita Sensitive Salmon Senior,bozita|bozita_sensitive_salmon_senior|dry,bozita_sensitive_salmon_senior
bozita_010,Bozita,bozita,https://www.bozita.com/products/10,Bozita Premium Lamb Small Breed,2025-09-10T20:38:05.108958,scrapingbee_simulation,wet,adult,"beef, turkey, rice, corn, spinach, peas, flaxseed oil, chondroitin, vitamins","[""beef"", ""turkey"", ""rice"", ""corn"", ""spinach"", ""peas"", ""flaxseed oil"", ""chondroitin"", ""vitamins""]","[""chicken"", ""beef"", ""grain""]",31.0,16.5,2.2,5.0,9.2,375.1,5kg,38.72,7.74,economy,0.95,0.95,0.98,0.9,,,Bozita,Bozita Premium Lamb Small Breed,bozita|bozita_premium_lamb_small_breed|wet,bozita_premium_lamb_small_breed
bozita_011,Bozita,bozita,https://www.bozita.com/products/11,Bozita Natural Beef Small Breed,2025-09-10T20:38:05.108973,scrapingbee_simulation,dry,senior,"chicken meal, chicken, oats, rice, pumpkin, spinach, sunflower oil, vitamins, minerals","[""chicken meal"", ""chicken"", ""oats"", ""rice"", ""pumpkin"", ""spinach"", ""sunflower oil"", ""vitamins"", ""minerals""]","[""chicken""]",26.1,19.0,4.7,5.5,10.6,372.2,10kg,26.22,2.62,budget,0.95,0.95,0.98,0.9,True,Product,Bozita,Bozita Natural Beef Small Breed,bozita|bozita_natural_beef_small_breed|dry,bozita_natural_beef_small_breed
bozita_012,Bozita,bozita,https://www.bozita.com/products/12,Bozita Active Lamb Large Breed,2025-09-10T20:38:05.108988,scrapingbee_simulation,dry,senior,"lamb meal, turkey, rice, oats, spinach, pumpkin, chicken fat, minerals, glucosamine","[""lamb meal"", ""turkey"", ""rice"", ""oats"", ""spinach"", ""pumpkin"", ""chicken fat"", ""minerals"", ""glucosamine""]","[""chicken"", ""lamb""]",28.4,12.1,4.8,8.9,8.8,331.8,800g,37.48,46.85,super_premium,0.95,0.95,0.98,0.9,True,Product,Bozita,Bozita Active Lamb Large Breed,bozita|bozita_active_lamb_large_breed|dry,bozita_active_lamb_large_breed
bozita_013,Bozita,bozita,https://www.bozita.com/products/13,Bozita Grain-Free Venison Large Breed,2025-09-10T20:38:05.109003,scrapingbee_simulation,dry,senior,"lamb meal, chicken meal, corn, barley, peas, sweet potato, chicken fat, minerals, vitamins","[""lamb meal"", ""chicken meal"", ""corn"", ""barley"", ""peas"", ""sweet potato"", ""chicken fat"", ""minerals"", ""vitamins""]","[""chicken"", ""lamb"", ""grain""]",29.0,19.3,4.7,7.5,8.1,375.4,800g,,,,0.95,0.95,0.98,0.0,,,Bozita,Bozita Grain-Free Venison Large Breed,bozita|bozita_grain_free_venison_large_breed|dry,bozita_grain_free_venison_large_breed
bozita_014,Bozita,bozita,https://www.bozita.com/products/14,Bozita Sensitive Chicken Large Breed,2025-09-10T20:38:05.109017,scrapingbee_simulation,dry,all,"lamb meal, chicken, oats, wheat, sweet potato, carrots, sunflower oil, chondroitin, minerals","[""lamb meal"", ""chicken"", ""oats"", ""wheat"", ""sweet potato"", ""carrots"", ""sunflower oil"", ""chondroitin"", ""minerals""]","[""chicken"", ""lamb"", ""grain""]",31.1,19.0,4.8,6.6,9.2,372.9,15kg,34.87,2.32,budget,0.95,0.95,0.98,0.9,,,Bozita,Bozita Sensitive Chicken Large Breed,bozita|bozita_sensitive_chicken_large_breed|dry,bozita_sensitive_chicken_large_breed
bozita_015,Bozita,bozita,https://www.bozita.com/products/15,Bozita Active Salmon Adult,2025-09-10T20:38:05.109032,scrapingbee_simulation,wet,adult,"salmon, turkey, wheat, rice, spinach, pumpkin, sunflower oil, probiotics, chondroitin","[""salmon"", ""turkey"", ""wheat"", ""rice"", ""spinach"", ""pumpkin"", ""sunflower oil"", ""probiotics"", ""chondroitin""]","[""chicken"", ""fish"", ""grain""]",23.7,8.3,2.9,9.0,10.2,314.1,400g,24.5,61.25,super_premium,0.95,0.95,0.98,0.9,,,Bozita,Bozita Active Salmon Adult,bozita|bozita_active_salmon_adult|wet,bozita_active_salmon_adult
bozita_016,Bozita,bozita,https://www.bozita.com/products/16,Bozita Natural Venison Senior,2025-09-10T20:38:05.109046,scrapingbee_simulation,semi-moist,puppy,"salmon, chicken meal, barley, wheat, spinach, peas, salmon oil, glucosamine, probiotics","[""salmon"", ""chicken meal"", ""barley"", ""wheat"", ""spinach"", ""peas"", ""salmon oil"", ""glucosamine"", ""probiotics""]","[""chicken"", ""fish"", ""grain""]",18.6,12.7,4.2,6.9,11.2,335.5,15kg,23.81,1.59,budget,0.95,0.95,0.98,0.9,,,Bozita,Bozita Natural Venison Senior,bozita|bozita_natural_venison_senior|semi-moist,bozita_natural_venison_senior
bozita_017,Bozita,bozita,https://www.bozita.com/products/17,Bozita Premium Lamb Senior,2025-09-10T20:38:05.109061,scrapingbee_simulation,wet,senior,"chicken meal, turkey, wheat, oats, pumpkin, spinach, flaxseed oil, glucosamine, chondroitin","[""chicken meal"", ""turkey"", ""wheat"", ""oats"", ""pumpkin"", ""spinach"", ""flaxseed oil"", ""glucosamine"", ""chondroitin""]","[""chicken"", ""grain""]",20.2,12.0,3.2,5.0,8.6,351.2,5kg,29.46,5.89,economy,0.95,0.95,0.98,0.9,True,Product,Bozita,Bozita Premium Lamb Senior,bozita|bozita_premium_lamb_senior|wet,bozita_premium_lamb_senior
bozita_018,Bozita,bozita,https://www.bozita.com/products/18,Bozita Light Salmon Large Breed,2025-09-10T20:38:05.109075,scrapingbee_simulation,wet,adult,"chicken meal, turkey, barley, oats, spinach, pumpkin, salmon oil, probiotics, minerals","[""chicken meal"", ""turkey"", ""barley"", ""oats"", ""spinach"", ""pumpkin"", ""salmon oil"", ""probiotics"", ""minerals""]","[""chicken"", ""fish"", ""grain""]",26.5,18.1,4.9,8.7,8.9,361.8,400g,27.92,69.8,super_premium,0.95,0.95,0.98,0.9,,,Bozita,Bozita Light Salmon Large Breed,bozita|bozita_light_salmon_large_breed|wet,bozita_light_salmon_large_breed
bozita_019,Bozita,bozita,https://www.bozita.com/products/19,Bozita Grain-Free Lamb Small Breed,2025-09-10T20:38:05.109090,scrapingbee_simulation,dry,puppy,"chicken, chicken meal, barley, oats, peas, carrots, sunflower oil, chondroitin, probiotics","[""chicken"", ""chicken meal"", ""barley"", ""oats"", ""peas"", ""carrots"", ""sunflower oil"", ""chondroitin"", ""probiotics""]","[""chicken"", ""grain""]",31.2,12.5,6.0,7.1,10.2,330.9,1.5kg,33.87,22.58,premium,0.95,0.95,0.98,0.9,,,Bozita,Bozita Grain-Free Lamb Small Breed,bozita|bozita_grain_free_lamb_small_breed|dry,bozita_grain_free_lamb_small_breed
bozita_020,Bozita,bozita,https://www.bozita.com/products/20,Bozita Grain-Free Chicken Adult,2025-09-10T20:38:05.109105,scrapingbee_simulation,dry,adult,"turkey, chicken, corn, wheat, spinach, peas, sunflower oil, probiotics, glucosamine","[""turkey"", ""chicken"", ""corn"", ""wheat"", ""spinach"", ""peas"", ""sunflower oil"", ""probiotics"", ""glucosamine""]","[""chicken"", ""grain""]",19.5,14.9,4.8,6.0,11.8,345.4,400g,,,,0.95,0.95,0.98,0.0,,,Bozita,Bozita Grain-Free Chicken Adult,bozita|bozita_grain_free_chicken_adult|dry,bozita_grain_free_chicken_adult
bozita_021,Bozita,bozita,https://www.bozita.com/products/21,Bozita Grain-Free Duck Senior,2025-09-10T20:38:05.109119,scrapingbee_simulation,dry,senior,"lamb meal, chicken meal, wheat, oats, sweet potato, pumpkin, chicken fat, glucosamine, vitamins","[""lamb meal"", ""chicken meal"", ""wheat"", ""oats"", ""sweet potato"", ""pumpkin"", ""chicken fat"", ""glucosamine"", ""vitamins""]","[""chicken"", ""lamb"", ""grain""]",24.7,8.2,2.5,8.7,10.6,314.7,400g,28.94,72.35,super_premium,0.95,0.95,0.98,0.9,,,Bozita,Bozita Grain-Free Duck Senior,bozita|bozita_grain_free_duck_senior|dry,bozita_grain_free_duck_senior
bozita_022,Bozita,bozita,https://www.bozita.com/products/22,Bozita Grain-Free Duck Senior,2025-09-10T20:38:05.109133,scrapingbee_simulation,dry,adult,"chicken, chicken meal, corn, wheat, sweet potato, carrots, flaxseed oil, chondroitin, vitamins","[""chicken"", ""chicken meal"", ""corn"", ""wheat"", ""sweet potato"", ""carrots"", ""flaxseed oil"", ""chondroitin"", ""vitamins""]","[""chicken"", ""grain""]",31.7,9.4,2.1,6.3,10.1,332.2,10kg,29.77,2.98,budget,0.95,0.95,0.98,0.9,True,Product,Bozita,Bozita Grain-Free Duck Senior,bozita|bozita_grain_free_duck_senior|dry,bozita_grain_free_duck_senior
bozita_023,Bozita,bozita,https://www.bozita.com/products/23,Bozita Light Lamb Puppy,2025-09-10T20:38:05.109147,scrapingbee_simulation,dry,adult,"beef, lamb meal, wheat, barley, carrots, peas, salmon oil, vitamins, glucosamine","[""beef"", ""lamb meal"", ""wheat"", ""barley"", ""carrots"", ""peas"", ""salmon oil"", ""vitamins"", ""glucosamine""]","[""beef"", ""lamb"", ""fish"", ""grain""]",23.1,17.7,6.0,8.1,11.8,347.9,2kg,39.96,19.98,mid,0.95,0.95,0.98,0.9,True,Product,Bozita,Bozita Light Lamb Puppy,bozita|bozita_light_lamb_puppy|dry,bozita_light_lamb_puppy
bozita_024,Bozita,bozita,https://www.bozita.com/products/24,Bozita Grain-Free Chicken Senior,2025-09-10T20:38:05.109162,scrapingbee_simulation,dry,all,"turkey, salmon, oats, corn, pumpkin, peas, sunflower oil, minerals, vitamins","[""turkey"", ""salmon"", ""oats"", ""corn"", ""pumpkin"", ""peas"", ""sunflower oil"", ""minerals"", ""vitamins""]","[""chicken"", ""fish"", ""grain""]",30.2,15.2,4.5,6.2,11.7,347.6,800g,,,,0.95,0.95,0.98,0.0,,,Bozita,Bozita Grain-Free Chicken Senior,bozita|bozita_grain_free_chicken_senior|dry,bozita_grain_free_chicken_senior
bozita_025,Bozita,bozita,https://www.bozita.com/products/25,Bozita High-Protein Beef Senior,2025-09-10T20:38:05.109174,scrapingbee_simulation,wet,puppy,"beef, chicken meal, corn, rice, pumpkin, carrots, chicken fat, minerals, probiotics","[""beef"", ""chicken meal"", ""corn"", ""rice"", ""pumpkin"", ""carrots"", ""chicken fat"", ""minerals"", ""probiotics""]","[""chicken"", ""beef"", ""grain""]",,,,,,,400g,29.49,73.72,super_premium,0.95,0.95,0.98,0.9,,,Bozita,Bozita High-Protein Beef Senior,bozita|bozita_high_protein_beef_senior|wet,bozita_high_protein_beef_senior
bozita_026,Bozita,bozita,https://www.bozita.com/products/26,Bozita Grain-Free Venison Small Breed,2025-09-10T20:38:05.109187,scrapingbee_simulation,wet,adult,"turkey, chicken, wheat, oats, sweet potato, peas, salmon oil, chondroitin, vitamins","[""turkey"", ""chicken"", ""wheat"", ""oats"", ""sweet potato"", ""peas"", ""salmon oil"", ""chondroitin"", ""vitamins""]","[""chicken"", ""fish"", ""grain""]",26.8,10.8,5.5,6.8,11.0,322.5,400g,24.32,60.8,super_premium,0.95,0.95,0.98,0.9,,,Bozita,Bozita Grain-Free Venison Small Breed,bozita|bozita_grain_free_venison_small_breed|wet,bozita_grain_free_venison_small_breed
bozita_027,Bozita,bozita,https://www.bozita.com/products/27,Bozita Light Lamb Adult,2025-09-10T20:38:05.109202,scrapingbee_simulation,wet,puppy,"chicken meal, chicken, corn, oats, pumpkin, sweet potato, sunflower oil, glucosamine, vitamins","[""chicken meal"", ""chicken"", ""corn"", ""oats"", ""pumpkin"", ""sweet potato"", ""sunflower oil"", ""glucosamine"", ""vitamins""]","[""chicken"", ""grain""]",23.5,13.1,4.4,8.5,12.0,328.4,800g,29.31,36.64,premium,0.95,0.95,0.98,0.9,,,Bozita,Bozita Light Lamb Adult,bozita|bozita_light_lamb_adult|wet,bozita_light_lamb_adult
bozita_028,Bozita,bozita,https://www.bozita.com/products/28,Bozita Natural Beef Senior,2025-09-10T20:38:05.109217,scrapingbee_simulation,dry,all,"salmon, lamb meal, oats, wheat, peas, pumpkin, chicken fat, vitamins, glucosamine","[""salmon"", ""lamb meal"", ""oats"", ""wheat"", ""peas"", ""pumpkin"", ""chicken fat"", ""vitamins"", ""glucosamine""]","[""chicken"", ""lamb"", ""fish"", ""grain""]",29.6,8.5,3.8,7.6,8.4,323.2,1.5kg,,,,0.95,0.95,0.98,0.0,True,Product,Bozita,Bozita Natural Beef Senior,bozita|bozita_natural_beef_senior|dry,bozita_natural_beef_senior
bozita_029,Bozita,bozita,https://www.bozita.com/products/29,Bozita Premium Lamb Large Breed,2025-09-10T20:38:05.109230,scrapingbee_simulation,dry,adult,"salmon, turkey, rice, wheat, spinach, pumpkin, sunflower oil, probiotics, chondroitin","[""salmon"", ""turkey"", ""rice"", ""wheat"", ""spinach"", ""pumpkin"", ""sunflower oil"", ""probiotics"", ""chondroitin""]","[""chicken"", ""fish"", ""grain""]",18.3,18.1,3.3,7.5,9.2,370.5,5kg,27.07,5.41,economy,0.95,0.95,0.98,0.9,,,Bozita,Bozita Premium Lamb Large Breed,bozita|bozita_premium_lamb_large_breed|dry,bozita_premium_lamb_large_breed
bozita_030,Bozita,bozita,https://www.bozita.com/products/30,Bozita Sensitive Salmon Senior,2025-09-10T20:38:05.109244,scrapingbee_simulation,semi-moist,senior,"chicken, lamb meal, oats, barley, spinach, carrots, flaxseed oil, minerals, vitamins","[""chicken"", ""lamb meal"", ""oats"", ""barley"", ""spinach"", ""carrots"", ""flaxseed oil"", ""minerals"", ""vitamins""]","[""chicken"", ""lamb"", ""grain""]",19.4,15.2,4.1,5.1,9.0,362.3,2kg,33.58,16.79,mid,0.95,0.95,0.98,0.9,,,Bozita,Bozita Sensitive Salmon Senior,bozita|bozita_sensitive_salmon_senior|semi-moist,bozita_sensitive_salmon_senior
bozita_031,Bozita,bozita,https://www.bozita.com/products/31,Bozita Premium Lamb Puppy,2025-09-10T20:38:05.109258,scrapingbee_simulation,dry,puppy,"lamb meal, chicken, wheat, oats, pumpkin, spinach, sunflower oil, minerals, vitamins","[""lamb meal"", ""chicken"", ""wheat"", ""oats"", ""pumpkin"", ""spinach"", ""sunflower oil"", ""minerals"", ""vitamins""]","[""chicken"", ""lamb"", ""grain""]",23.4,10.7,5.5,5.9,10.7,326.1,5kg,36.86,7.37,economy,0.95,0.95,0.98,0.9,True,Product,Bozita,Bozita Premium Lamb Puppy,bozita|bozita_premium_lamb_puppy|dry,bozita_premium_lamb_puppy
bozita_032,Bozita,bozita,https://www.bozita.com/products/32,Bozita Sensitive Chicken Senior,2025-09-10T20:38:05.109273,scrapingbee_simulation,dry,adult,"chicken, salmon, wheat, corn, spinach, sweet potato, sunflower oil, chondroitin, minerals","[""chicken"", ""salmon"", ""wheat"", ""corn"", ""spinach"", ""sweet potato"", ""sunflower oil"", ""chondroitin"", ""minerals""]","[""chicken"", ""fish"", ""grain""]",29.0,19.9,5.2,9.0,8.4,370.4,1.5kg,39.3,26.2,premium,0.95,0.95,0.98,0.9,True,Product,Bozita,Bozita Sensitive Chicken Senior,bozita|bozita_sensitive_chicken_senior|dry,bozita_sensitive_chicken_senior
bozita_033,Bozita,bozita,https://www.bozita.com/products/33,Bozita Grain-Free Venison Senior,2025-09-10T20:38:05.109287,scrapingbee_simulation,dry,,"turkey, chicken meal, barley, rice, sweet potato, pumpkin, flaxseed oil, chondroitin, glucosamine","[""turkey"", ""chicken meal"", ""barley"", ""rice"", ""sweet potato"", ""pumpkin"", ""flaxseed oil"", ""chondroitin"", ""glucosamine""]","[""chicken"", ""grain""]",24.0,11.0,5.1,7.9,11.8,318.2,5kg,21.89,4.38,budget,0.95,0.0,0.98,0.9,,,Bozita,Bozita Grain-Free Venison Senior,bozita|bozita_grain_free_venison_senior|dry,bozita_grain_free_venison_senior
bozita_034,Bozita,bozita,https://www.bozita.com/products/34,Bozita Sensitive Turkey Adult,2025-09-10T20:38:05.109302,scrapingbee_simulation,dry,all,"beef, lamb meal, barley, oats, peas, pumpkin, chicken fat, chondroitin, glucosamine","[""beef"", ""lamb meal"", ""barley"", ""oats"", ""peas"", ""pumpkin"", ""chicken fat"", ""chondroitin"", ""glucosamine""]","[""chicken"", ""beef"", ""lamb"", ""grain""]",27.3,12.2,2.9,6.8,11.7,336.1,10kg,31.85,3.19,budget,0.95,0.95,0.98,0.9,,,Bozita,Bozita Sensitive Turkey Adult,bozita|bozita_sensitive_turkey_adult|dry,bozita_sensitive_turkey_adult
