product_id,brand,brand_slug,product_name,url,form,life_stage,ingredients,price,source,form_source,life_stage_source,ingredients_source,ingredients_tokens,ingredients_tokens_source,allergen_groups,allergen_groups_source,protein_percent,protein_percent_source,fat_percent,fat_percent_source,fiber_percent,fiber_percent_source,ash_percent,ash_percent_source,moisture_percent,moisture_percent_source,kcal_per_100g,kcal_per_100g_source,pack_size,pack_size_source,price_source,price_per_kg,price_per_kg_source,price_bucket,price_bucket_source,form_confidence,form_confidence_source,life_stage_confidence,life_stage_confidence_source,enrichment_status,last_updated,production_allowlist
brit_001,Brit,brit,Brit Product 1,https://www.brit.com/product/1,,,,,catalog,,,,,,,,,,,,,,,,,,,,,,,,,,,,,,,catalog_only,2025-09-10T20:58:34.309986,False
brit_002,Brit,brit,Brit Product 2,https://www.brit.com/product/2,,,,,catalog,,,,,,,,,,,,,,,,,,,,,,,,,,,,,,,catalog_only,2025-09-10T20:58:34.309986,False
brit_003,Brit,brit,Brit Product 3,https://www.brit.com/product/3,,,,,catalog,,,,,,,,,,,,,,,,,,,,,,,,,,,,,,,catalog_only,2025-09-10T20:58:34.309986,False
brit_004,Brit,brit,Brit Product 4,https://www.brit.com/product/4,,,,,catalog,,,,,,,,,,,,,,,,,,,,,,,,,,,,,,,catalog_only,2025-09-10T20:58:34.309986,False
brit_005,Brit,brit,Brit Product 5,https://www.brit.com/product/5,,,,,catalog,,,,,,,,,,,,,,,,,,,,,,,,,,,,,,,catalog_only,2025-09-10T20:58:34.309986,False
brit_006,Brit,brit,Brit Product 6,https://www.brit.com/product/6,,,,,catalog,,,,,,,,,,,,,,,,,,,,,,,,,,,,,,,catalog_only,2025-09-10T20:58:34.309986,False
brit_007,Brit,brit,Brit Product 7,https://www.brit.com/product/7,,,,,catalog,,,,,,,,,,,,,,,,,,,,,,,,,,,,,,,catalog_only,2025-09-10T20:58:34.309986,False
brit_008,Brit,brit,Brit Product 8,https://www.brit.com/product/8,,,,,catalog,,,,,,,,,,,,,,,,,,,,,,,,,,,,,,,catalog_only,2025-09-10T20:58:34.309986,False
brit_009,Brit,brit,Brit Product 9,https://www.brit.com/product/9,,,,,catalog,,,,,,,,,,,,,,,,,,,,,,,,,,,,,,,catalog_only,2025-09-10T20:58:34.309986,False
brit_010,Brit,brit,Brit Product 10,https://www.brit.com/product/10,,,,,catalog,,,,,,,,,,,,,,,,,,,,,,,,,,,,,,,catalog_only,2025-09-10T20:58:34.309986,False
brit_011,Brit,brit,Brit Product 11,https://www.brit.com/product/11,,,,,catalog,,,,,,,,,,,,,,,,,,,,,,,,,,,,,,,catalog_only,2025-09-10T20:58:34.309986,False
brit_012,Brit,brit,Brit Product 12,https://www.brit.com/product/12,,,,,catalog,,,,,,,,,,,,,,,,,,,,,,,,,,,,,,,catalog_only,2025-09-10T20:58:34.309986,False
brit_013,Brit,brit,Brit Product 13,https://www.brit.com/product/13,,,,,catalog,,,,,,,,,,,,,,,,,,,,,,,,,,,,,,,catalog_only,2025-09-10T20:58:34.309986,False
brit_014,Brit,brit,Brit Product 14,https://www.brit.com/product/14,,,,,catalog,,,,,,,,,,,,,,,,,,,,,,,,,,,,,,,catalog_only,2025-09-10T20:58:34.309986,False
brit_015,Brit,brit,Brit Product 15,https://www.brit.com/product/15,,,,,catalog,,,,,,,,,,,,,,,,,,,,,,,,,,,,,,,catalog_only,2025-09-10T20:58:34.309986,False
brit_016,Brit,brit,Brit Product 16,https://www.brit.com/product/16,,,,,catalog,,,,,,,,,,,,,,,,,,,,,,,,,,,,,,,catalog_only,2025-09-10T20:58:34.309986,False
brit_017,Brit,brit,Brit Product 17,https://www.brit.com/product/17,,,,,catalog,,,,,,,,,,,,,,,,,,,,,,,,,,,,,,,catalog_only,2025-09-10T20:58:34.309986,False
brit_018,Brit,brit,Brit Product 18,https://www.brit.com/product/18,,,,,catalog,,,,,,,,,,,,,,,,,,,,,,,,,,,,,,,catalog_only,2025-09-10T20:58:34.309986,False
brit_019,Brit,brit,Brit Product 19,https://www.brit.com/product/19,,,,,catalog,,,,,,,,,,,,,,,,,,,,,,,,,,,,,,,catalog_only,2025-09-10T20:58:34.309986,False
brit_020,Brit,brit,Brit Product 20,https://www.brit.com/product/20,,,,,catalog,,,,,,,,,,,,,,,,,,,,,,,,,,,,,,,catalog_only,2025-09-10T20:58:34.309986,False
brit_021,Brit,brit,Brit Product 21,https://www.brit.com/product/21,,,,,catalog,,,,,,,,,,,,,,,,,,,,,,,,,,,,,,,catalog_only,2025-09-10T20:58:34.309986,False
brit_022,Brit,brit,Brit Product 22,https://www.brit.com/product/22,,,,,catalog,,,,,,,,,,,,,,,,,,,,,,,,,,,,,,,catalog_only,2025-09-10T20:58:34.309986,False
brit_023,Brit,brit,Brit Product 23,https://www.brit.com/product/23,,,,,catalog,,,,,,,,,,,,,,,,,,,,,,,,,,,,,,,catalog_only,2025-09-10T20:58:34.309986,False
brit_024,Brit,brit,Brit Product 24,https://www.brit.com/product/24,,,,,catalog,,,,,,,,,,,,,,,,,,,,,,,,,,,,,,,catalog_only,2025-09-10T20:58:34.309986,False
brit_025,Brit,brit,Brit Product 25,https://www.brit.com/product/25,,,,,catalog,,,,,,,,,,,,,,,,,,,,,,,,,,,,,,,catalog_only,2025-09-10T20:58:34.309986,False
brit_026,Brit,brit,Brit Product 26,https://www.brit.com/product/26,,,,,catalog,,,,,,,,,,,,,,,,,,,,,,,,,,,,,,,catalog_only,2025-09-10T20:58:34.309986,False
brit_027,Brit,brit,Brit Product 27,https://www.brit.com/product/27,,,,,catalog,,,,,,,,,,,,,,,,,,,,,,,,,,,,,,,catalog_only,2025-09-10T20:58:34.309986,False
brit_028,Brit,brit,Brit Product 28,https://www.brit.com/product/28,,,,,catalog,,,,,,,,,,,,,,,,,,,,,,,,,,,,,,,catalog_only,2025-09-10T20:58:34.309986,False
brit_029,Brit,brit,Brit Product 29,https://www.brit.com/product/29,,,,,catalog,,,,,,,,,,,,,,,,,,,,,,,,,,,,,,,catalog_only,2025-09-10T20:58:34.309986,False
brit_030,Brit,brit,Brit Product 30,https://www.brit.com/product/30,,,,,catalog,,,,,,,,,,,,,,,,,,,,,,,,,,,,,,,catalog_only,2025-09-10T20:58:34.309986,False
brit_031,Brit,brit,Brit Product 31,https://www.brit.com/product/31,,,,,catalog,,,,,,,,,,,,,,,,,,,,,,,,,,,,,,,catalog_only,2025-09-10T20:58:34.309986,False
brit_032,Brit,brit,Brit Product 32,https://www.brit.com/product/32,,,,,catalog,,,,,,,,,,,,,,,,,,,,,,,,,,,,,,,catalog_only,2025-09-10T20:58:34.309986,False
brit_033,Brit,brit,Brit Product 33,https://www.brit.com/product/33,,,,,catalog,,,,,,,,,,,,,,,,,,,,,,,,,,,,,,,catalog_only,2025-09-10T20:58:34.309986,False
brit_034,Brit,brit,Brit Product 34,https://www.brit.com/product/34,,,,,catalog,,,,,,,,,,,,,,,,,,,,,,,,,,,,,,,catalog_only,2025-09-10T20:58:34.309986,False
brit_035,Brit,brit,Brit Product 35,https://www.brit.com/product/35,,,,,catalog,,,,,,,,,,,,,,,,,,,,,,,,,,,,,,,catalog_only,2025-09-10T20:58:34.309986,False
brit_036,Brit,brit,Brit Product 36,https://www.brit.com/product/36,,,,,catalog,,,,,,,,,,,,,,,,,,,,,,,,,,,,,,,catalog_only,2025-09-10T20:58:34.309986,False
brit_037,Brit,brit,Brit Product 37,https://www.brit.com/product/37,,,,,catalog,,,,,,,,,,,,,,,,,,,,,,,,,,,,,,,catalog_only,2025-09-10T20:58:34.309986,False
brit_038,Brit,brit,Brit Product 38,https://www.brit.com/product/38,,,,,catalog,,,,,,,,,,,,,,,,,,,,,,,,,,,,,,,catalog_only,2025-09-10T20:58:34.309986,False
brit_039,Brit,brit,Brit Product 39,https://www.brit.com/product/39,,,,,catalog,,,,,,,,,,,,,,,,,,,,,,,,,,,,,,,catalog_only,2025-09-10T20:58:34.309986,False
brit_040,Brit,brit,Brit Product 40,https://www.brit.com/product/40,,,,,catalog,,,,,,,,,,,,,,,,,,,,,,,,,,,,,,,catalog_only,2025-09-10T20:58:34.309986,False
brit_041,Brit,brit,Brit Product 41,https://www.brit.com/product/41,,,,,catalog,,,,,,,,,,,,,,,,,,,,,,,,,,,,,,,catalog_only,2025-09-10T20:58:34.309986,False
brit_042,Brit,brit,Brit Product 42,https://www.brit.com/product/42,,,,,catalog,,,,,,,,,,,,,,,,,,,,,,,,,,,,,,,catalog_only,2025-09-10T20:58:34.309986,False
brit_043,Brit,brit,Brit Product 43,https://www.brit.com/product/43,,,,,catalog,,,,,,,,,,,,,,,,,,,,,,,,,,,,,,,catalog_only,2025-09-10T20:58:34.309986,False
brit_044,Brit,brit,Brit Product 44,https://www.brit.com/product/44,,,,,catalog,,,,,,,,,,,,,,,,,,,,,,,,,,,,,,,catalog_only,2025-09-10T20:58:34.309986,False
brit_045,Brit,brit,Brit Product 45,https://www.brit.com/product/45,,,,,catalog,,,,,,,,,,,,,,,,,,,,,,,,,,,,,,,catalog_only,2025-09-10T20:58:34.309986,False
brit_046,Brit,brit,Brit Product 46,https://www.brit.com/product/46,,,,,catalog,,,,,,,,,,,,,,,,,,,,,,,,,,,,,,,catalog_only,2025-09-10T20:58:34.309986,False
brit_047,Brit,brit,Brit Product 47,https://www.brit.com/product/47,,,,,catalog,,,,,,,,,,,,,,,,,,,,,,,,,,,,,,,catalog_only,2025-09-10T20:58:34.309986,False
brit_048,Brit,brit,Brit Product 48,https://www.brit.com/product/48,,,,,catalog,,,,,,,,,,,,,,,,,,,,,,,,,,,,,,,catalog_only,2025-09-10T20:58:34.309986,False
brit_049,Brit,brit,Brit Product 49,https://www.brit.com/product/49,,,,,catalog,,,,,,,,,,,,,,,,,,,,,,,,,,,,,,,catalog_only,2025-09-10T20:58:34.309986,False
brit_050,Brit,brit,Brit Product 50,https://www.brit.com/product/50,,,,,catalog,,,,,,,,,,,,,,,,,,,,,,,,,,,,,,,catalog_only,2025-09-10T20:58:34.309986,False
brit_051,Brit,brit,Brit Product 51,https://www.brit.com/product/51,,,,,catalog,,,,,,,,,,,,,,,,,,,,,,,,,,,,,,,catalog_only,2025-09-10T20:58:34.309986,False
brit_052,Brit,brit,Brit Product 52,https://www.brit.com/product/52,,,,,catalog,,,,,,,,,,,,,,,,,,,,,,,,,,,,,,,catalog_only,2025-09-10T20:58:34.309986,False
brit_053,Brit,brit,Brit Product 53,https://www.brit.com/product/53,,,,,catalog,,,,,,,,,,,,,,,,,,,,,,,,,,,,,,,catalog_only,2025-09-10T20:58:34.309986,False
brit_054,Brit,brit,Brit Product 54,https://www.brit.com/product/54,,,,,catalog,,,,,,,,,,,,,,,,,,,,,,,,,,,,,,,catalog_only,2025-09-10T20:58:34.309986,False
brit_055,Brit,brit,Brit Product 55,https://www.brit.com/product/55,,,,,catalog,,,,,,,,,,,,,,,,,,,,,,,,,,,,,,,catalog_only,2025-09-10T20:58:34.309986,False
brit_056,Brit,brit,Brit Product 56,https://www.brit.com/product/56,,,,,catalog,,,,,,,,,,,,,,,,,,,,,,,,,,,,,,,catalog_only,2025-09-10T20:58:34.309986,False
brit_057,Brit,brit,Brit Product 57,https://www.brit.com/product/57,,,,,catalog,,,,,,,,,,,,,,,,,,,,,,,,,,,,,,,catalog_only,2025-09-10T20:58:34.309986,False
brit_058,Brit,brit,Brit Product 58,https://www.brit.com/product/58,,,,,catalog,,,,,,,,,,,,,,,,,,,,,,,,,,,,,,,catalog_only,2025-09-10T20:58:34.309986,False
brit_059,Brit,brit,Brit Product 59,https://www.brit.com/product/59,,,,,catalog,,,,,,,,,,,,,,,,,,,,,,,,,,,,,,,catalog_only,2025-09-10T20:58:34.309986,False
brit_060,Brit,brit,Brit Product 60,https://www.brit.com/product/60,,,,,catalog,,,,,,,,,,,,,,,,,,,,,,,,,,,,,,,catalog_only,2025-09-10T20:58:34.309986,False
brit_061,Brit,brit,Brit Product 61,https://www.brit.com/product/61,,,,,catalog,,,,,,,,,,,,,,,,,,,,,,,,,,,,,,,catalog_only,2025-09-10T20:58:34.309986,False
brit_062,Brit,brit,Brit Product 62,https://www.brit.com/product/62,,,,,catalog,,,,,,,,,,,,,,,,,,,,,,,,,,,,,,,catalog_only,2025-09-10T20:58:34.309986,False
brit_063,Brit,brit,Brit Product 63,https://www.brit.com/product/63,,,,,catalog,,,,,,,,,,,,,,,,,,,,,,,,,,,,,,,catalog_only,2025-09-10T20:58:34.309986,False
brit_064,Brit,brit,Brit Product 64,https://www.brit.com/product/64,,,,,catalog,,,,,,,,,,,,,,,,,,,,,,,,,,,,,,,catalog_only,2025-09-10T20:58:34.309986,False
brit_065,Brit,brit,Brit Product 65,https://www.brit.com/product/65,,,,,catalog,,,,,,,,,,,,,,,,,,,,,,,,,,,,,,,catalog_only,2025-09-10T20:58:34.309986,False
brit_066,Brit,brit,Brit Product 66,https://www.brit.com/product/66,,,,,catalog,,,,,,,,,,,,,,,,,,,,,,,,,,,,,,,catalog_only,2025-09-10T20:58:34.309986,False
brit_067,Brit,brit,Brit Product 67,https://www.brit.com/product/67,,,,,catalog,,,,,,,,,,,,,,,,,,,,,,,,,,,,,,,catalog_only,2025-09-10T20:58:34.309986,False
brit_068,Brit,brit,Brit Product 68,https://www.brit.com/product/68,,,,,catalog,,,,,,,,,,,,,,,,,,,,,,,,,,,,,,,catalog_only,2025-09-10T20:58:34.309986,False
brit_069,Brit,brit,Brit Product 69,https://www.brit.com/product/69,,,,,catalog,,,,,,,,,,,,,,,,,,,,,,,,,,,,,,,catalog_only,2025-09-10T20:58:34.309986,False
brit_070,Brit,brit,Brit Product 70,https://www.brit.com/product/70,,,,,catalog,,,,,,,,,,,,,,,,,,,,,,,,,,,,,,,catalog_only,2025-09-10T20:58:34.309986,False
brit_071,Brit,brit,Brit Product 71,https://www.brit.com/product/71,,,,,catalog,,,,,,,,,,,,,,,,,,,,,,,,,,,,,,,catalog_only,2025-09-10T20:58:34.309986,False
brit_072,Brit,brit,Brit Product 72,https://www.brit.com/product/72,,,,,catalog,,,,,,,,,,,,,,,,,,,,,,,,,,,,,,,catalog_only,2025-09-10T20:58:34.309986,False
brit_073,Brit,brit,Brit Product 73,https://www.brit.com/product/73,,,,,catalog,,,,,,,,,,,,,,,,,,,,,,,,,,,,,,,catalog_only,2025-09-10T20:58:34.309986,False
alpha_001,Alpha,alpha,Alpha Product 1,https://www.alpha.com/product/1,,,,,catalog,,,,,,,,,,,,,,,,,,,,,,,,,,,,,,,catalog_only,2025-09-10T20:58:34.309986,False
alpha_002,Alpha,alpha,Alpha Product 2,https://www.alpha.com/product/2,,,,,catalog,,,,,,,,,,,,,,,,,,,,,,,,,,,,,,,catalog_only,2025-09-10T20:58:34.309986,False
alpha_003,Alpha,alpha,Alpha Product 3,https://www.alpha.com/product/3,,,,,catalog,,,,,,,,,,,,,,,,,,,,,,,,,,,,,,,catalog_only,2025-09-10T20:58:34.309986,False
alpha_004,Alpha,alpha,Alpha Product 4,https://www.alpha.com/product/4,,,,,catalog,,,,,,,,,,,,,,,,,,,,,,,,,,,,,,,catalog_only,2025-09-10T20:58:34.309986,False
alpha_005,Alpha,alpha,Alpha Product 5,https://www.alpha.com/product/5,,,,,catalog,,,,,,,,,,,,,,,,,,,,,,,,,,,,,,,catalog_only,2025-09-10T20:58:34.309986,False
alpha_006,Alpha,alpha,Alpha Product 6,https://www.alpha.com/product/6,,,,,catalog,,,,,,,,,,,,,,,,,,,,,,,,,,,,,,,catalog_only,2025-09-10T20:58:34.309986,False
alpha_007,Alpha,alpha,Alpha Product 7,https://www.alpha.com/product/7,,,,,catalog,,,,,,,,,,,,,,,,,,,,,,,,,,,,,,,catalog_only,2025-09-10T20:58:34.309986,False
alpha_008,Alpha,alpha,Alpha Product 8,https://www.alpha.com/product/8,,,,,catalog,,,,,,,,,,,,,,,,,,,,,,,,,,,,,,,catalog_only,2025-09-10T20:58:34.309986,False
alpha_009,Alpha,alpha,Alpha Product 9,https://www.alpha.com/product/9,,,,,catalog,,,,,,,,,,,,,,,,,,,,,,,,,,,,,,,catalog_only,2025-09-10T20:58:34.309986,False
alpha_010,Alpha,alpha,Alpha Product 10,https://www.alpha.com/product/10,,,,,catalog,,,,,,,,,,,,,,,,,,,,,,,,,,,,,,,catalog_only,2025-09-10T20:58:34.309986,False
alpha_011,Alpha,alpha,Alpha Product 11,https://www.alpha.com/product/11,,,,,catalog,,,,,,,,,,,,,,,,,,,,,,,,,,,,,,,catalog_only,2025-09-10T20:58:34.309986,False
alpha_012,Alpha,alpha,Alpha Product 12,https://www.alpha.com/product/12,,,,,catalog,,,,,,,,,,,,,,,,,,,,,,,,,,,,,,,catalog_only,2025-09-10T20:58:34.309986,False
alpha_013,Alpha,alpha,Alpha Product 13,https://www.alpha.com/product/13,,,,,catalog,,,,,,,,,,,,,,,,,,,,,,,,,,,,,,,catalog_only,2025-09-10T20:58:34.309986,False
alpha_014,Alpha,alpha,Alpha Product 14,https://www.alpha.com/product/14,,,,,catalog,,,,,,,,,,,,,,,,,,,,,,,,,,,,,,,catalog_only,2025-09-10T20:58:34.309986,False
alpha_015,Alpha,alpha,Alpha Product 15,https://www.alpha.com/product/15,,,,,catalog,,,,,,,,,,,,,,,,,,,,,,,,,,,,,,,catalog_only,2025-09-10T20:58:34.309986,False
alpha_016,Alpha,alpha,Alpha Product 16,https://www.alpha.com/product/16,,,,,catalog,,,,,,,,,,,,,,,,,,,,,,,,,,,,,,,catalog_only,2025-09-10T20:58:34.309986,False
alpha_017,Alpha,alpha,Alpha Product 17,https://www.alpha.com/product/17,,,,,catalog,,,,,,,,,,,,,,,,,,,,,,,,,,,,,,,catalog_only,2025-09-10T20:58:34.309986,False
alpha_018,Alpha,alpha,Alpha Product 18,https://www.alpha.com/product/18,,,,,catalog,,,,,,,,,,,,,,,,,,,,,,,,,,,,,,,catalog_only,2025-09-10T20:58:34.309986,False
alpha_019,Alpha,alpha,Alpha Product 19,https://www.alpha.com/product/19,,,,,catalog,,,,,,,,,,,,,,,,,,,,,,,,,,,,,,,catalog_only,2025-09-10T20:58:34.309986,False
alpha_020,Alpha,alpha,Alpha Product 20,https://www.alpha.com/product/20,,,,,catalog,,,,,,,,,,,,,,,,,,,,,,,,,,,,,,,catalog_only,2025-09-10T20:58:34.309986,False
alpha_021,Alpha,alpha,Alpha Product 21,https://www.alpha.com/product/21,,,,,catalog,,,,,,,,,,,,,,,,,,,,,,,,,,,,,,,catalog_only,2025-09-10T20:58:34.309986,False
alpha_022,Alpha,alpha,Alpha Product 22,https://www.alpha.com/product/22,,,,,catalog,,,,,,,,,,,,,,,,,,,,,,,,,,,,,,,catalog_only,2025-09-10T20:58:34.309986,False
alpha_023,Alpha,alpha,Alpha Product 23,https://www.alpha.com/product/23,,,,,catalog,,,,,,,,,,,,,,,,,,,,,,,,,,,,,,,catalog_only,2025-09-10T20:58:34.309986,False
alpha_024,Alpha,alpha,Alpha Product 24,https://www.alpha.com/product/24,,,,,catalog,,,,,,,,,,,,,,,,,,,,,,,,,,,,,,,catalog_only,2025-09-10T20:58:34.309986,False
alpha_025,Alpha,alpha,Alpha Product 25,https://www.alpha.com/product/25,,,,,catalog,,,,,,,,,,,,,,,,,,,,,,,,,,,,,,,catalog_only,2025-09-10T20:58:34.309986,False
alpha_026,Alpha,alpha,Alpha Product 26,https://www.alpha.com/product/26,,,,,catalog,,,,,,,,,,,,,,,,,,,,,,,,,,,,,,,catalog_only,2025-09-10T20:58:34.309986,False
alpha_027,Alpha,alpha,Alpha Product 27,https://www.alpha.com/product/27,,,,,catalog,,,,,,,,,,,,,,,,,,,,,,,,,,,,,,,catalog_only,2025-09-10T20:58:34.309986,False
alpha_028,Alpha,alpha,Alpha Product 28,https://www.alpha.com/product/28,,,,,catalog,,,,,,,,,,,,,,,,,,,,,,,,,,,,,,,catalog_only,2025-09-10T20:58:34.309986,False
alpha_029,Alpha,alpha,Alpha Product 29,https://www.alpha.com/product/29,,,,,catalog,,,,,,,,,,,,,,,,,,,,,,,,,,,,,,,catalog_only,2025-09-10T20:58:34.309986,False
alpha_030,Alpha,alpha,Alpha Product 30,https://www.alpha.com/product/30,,,,,catalog,,,,,,,,,,,,,,,,,,,,,,,,,,,,,,,catalog_only,2025-09-10T20:58:34.309986,False
alpha_031,Alpha,alpha,Alpha Product 31,https://www.alpha.com/product/31,,,,,catalog,,,,,,,,,,,,,,,,,,,,,,,,,,,,,,,catalog_only,2025-09-10T20:58:34.309986,False
alpha_032,Alpha,alpha,Alpha Product 32,https://www.alpha.com/product/32,,,,,catalog,,,,,,,,,,,,,,,,,,,,,,,,,,,,,,,catalog_only,2025-09-10T20:58:34.309986,False
alpha_033,Alpha,alpha,Alpha Product 33,https://www.alpha.com/product/33,,,,,catalog,,,,,,,,,,,,,,,,,,,,,,,,,,,,,,,catalog_only,2025-09-10T20:58:34.309986,False
alpha_034,Alpha,alpha,Alpha Product 34,https://www.alpha.com/product/34,,,,,catalog,,,,,,,,,,,,,,,,,,,,,,,,,,,,,,,catalog_only,2025-09-10T20:58:34.309986,False
alpha_035,Alpha,alpha,Alpha Product 35,https://www.alpha.com/product/35,,,,,catalog,,,,,,,,,,,,,,,,,,,,,,,,,,,,,,,catalog_only,2025-09-10T20:58:34.309986,False
alpha_036,Alpha,alpha,Alpha Product 36,https://www.alpha.com/product/36,,,,,catalog,,,,,,,,,,,,,,,,,,,,,,,,,,,,,,,catalog_only,2025-09-10T20:58:34.309986,False
alpha_037,Alpha,alpha,Alpha Product 37,https://www.alpha.com/product/37,,,,,catalog,,,,,,,,,,,,,,,,,,,,,,,,,,,,,,,catalog_only,2025-09-10T20:58:34.309986,False
alpha_038,Alpha,alpha,Alpha Product 38,https://www.alpha.com/product/38,,,,,catalog,,,,,,,,,,,,,,,,,,,,,,,,,,,,,,,catalog_only,2025-09-10T20:58:34.309986,False
alpha_039,Alpha,alpha,Alpha Product 39,https://www.alpha.com/product/39,,,,,catalog,,,,,,,,,,,,,,,,,,,,,,,,,,,,,,,catalog_only,2025-09-10T20:58:34.309986,False
alpha_040,Alpha,alpha,Alpha Product 40,https://www.alpha.com/product/40,,,,,catalog,,,,,,,,,,,,,,,,,,,,,,,,,,,,,,,catalog_only,2025-09-10T20:58:34.309986,False
alpha_041,Alpha,alpha,Alpha Product 41,https://www.alpha.com/product/41,,,,,catalog,,,,,,,,,,,,,,,,,,,,,,,,,,,,,,,catalog_only,2025-09-10T20:58:34.309986,False
alpha_042,Alpha,alpha,Alpha Product 42,https://www.alpha.com/product/42,,,,,catalog,,,,,,,,,,,,,,,,,,,,,,,,,,,,,,,catalog_only,2025-09-10T20:58:34.309986,False
alpha_043,Alpha,alpha,Alpha Product 43,https://www.alpha.com/product/43,,,,,catalog,,,,,,,,,,,,,,,,,,,,,,,,,,,,,,,catalog_only,2025-09-10T20:58:34.309986,False
alpha_044,Alpha,alpha,Alpha Product 44,https://www.alpha.com/product/44,,,,,catalog,,,,,,,,,,,,,,,,,,,,,,,,,,,,,,,catalog_only,2025-09-10T20:58:34.309986,False
alpha_045,Alpha,alpha,Alpha Product 45,https://www.alpha.com/product/45,,,,,catalog,,,,,,,,,,,,,,,,,,,,,,,,,,,,,,,catalog_only,2025-09-10T20:58:34.309986,False
alpha_046,Alpha,alpha,Alpha Product 46,https://www.alpha.com/product/46,,,,,catalog,,,,,,,,,,,,,,,,,,,,,,,,,,,,,,,catalog_only,2025-09-10T20:58:34.309986,False
alpha_047,Alpha,alpha,Alpha Product 47,https://www.alpha.com/product/47,,,,,catalog,,,,,,,,,,,,,,,,,,,,,,,,,,,,,,,catalog_only,2025-09-10T20:58:34.309986,False
alpha_048,Alpha,alpha,Alpha Product 48,https://www.alpha.com/product/48,,,,,catalog,,,,,,,,,,,,,,,,,,,,,,,,,,,,,,,catalog_only,2025-09-10T20:58:34.309986,False
alpha_049,Alpha,alpha,Alpha Product 49,https://www.alpha.com/product/49,,,,,catalog,,,,,,,,,,,,,,,,,,,,,,,,,,,,,,,catalog_only,2025-09-10T20:58:34.309986,False
alpha_050,Alpha,alpha,Alpha Product 50,https://www.alpha.com/product/50,,,,,catalog,,,,,,,,,,,,,,,,,,,,,,,,,,,,,,,catalog_only,2025-09-10T20:58:34.309986,False
alpha_051,Alpha,alpha,Alpha Product 51,https://www.alpha.com/product/51,,,,,catalog,,,,,,,,,,,,,,,,,,,,,,,,,,,,,,,catalog_only,2025-09-10T20:58:34.309986,False
alpha_052,Alpha,alpha,Alpha Product 52,https://www.alpha.com/product/52,,,,,catalog,,,,,,,,,,,,,,,,,,,,,,,,,,,,,,,catalog_only,2025-09-10T20:58:34.309986,False
alpha_053,Alpha,alpha,Alpha Product 53,https://www.alpha.com/product/53,,,,,catalog,,,,,,,,,,,,,,,,,,,,,,,,,,,,,,,catalog_only,2025-09-10T20:58:34.309986,False
briantos_001,Briantos,briantos,Briantos Product 1,https://www.briantos.com/product/1,wet,senior,"chicken, turkey, corn, barley, sweet potato, carrots, sunflower oil, minerals, vitamins",20.13,catalog,manufacturer,manufacturer,manufacturer,"[""chicken"", ""turkey"", ""corn"", ""barley"", ""sweet potato"", ""carrots"", ""sunflower oil"", ""minerals"", ""vitamins""]",manufacturer,"[""chicken"", ""grain""]",manufacturer,28.3,manufacturer,15.4,manufacturer,2.0,manufacturer,6.9,manufacturer,9.0,manufacturer,364.4,manufacturer,2kg,manufacturer,manufacturer,10.06,manufacturer,mid,manufacturer,0.95,manufacturer,0.95,manufacturer,production,2025-09-10T20:58:34.309986,True
briantos_002,Briantos,briantos,Briantos Product 2,https://www.briantos.com/product/2,wet,puppy,"chicken meal, lamb meal, barley, rice, carrots, sweet potato, chicken fat, vitamins, chondroitin",29.77,catalog,manufacturer,manufacturer,manufacturer,"[""chicken meal"", ""lamb meal"", ""barley"", ""rice"", ""carrots"", ""sweet potato"", ""chicken fat"", ""vitamins"", ""chondroitin""]",manufacturer,"[""chicken"", ""lamb"", ""grain""]",manufacturer,19.6,manufacturer,17.0,manufacturer,3.3,manufacturer,6.1,manufacturer,11.9,manufacturer,360.5,manufacturer,10kg,manufacturer,manufacturer,2.98,manufacturer,budget,manufacturer,0.95,manufacturer,0.95,manufacturer,production,2025-09-10T20:58:34.309986,True
briantos_003,Briantos,briantos,Briantos Product 3,https://www.briantos.com/product/3,semi-moist,adult,"chicken, turkey, oats, corn, peas, spinach, chicken fat, glucosamine, probiotics",,catalog,manufacturer,manufacturer,manufacturer,"[""chicken"", ""turkey"", ""oats"", ""corn"", ""peas"", ""spinach"", ""chicken fat"", ""glucosamine"", ""probiotics""]",manufacturer,"[""chicken"", ""grain""]",manufacturer,25.6,manufacturer,13.7,manufacturer,4.2,manufacturer,6.4,manufacturer,10.1,manufacturer,346.1,manufacturer,2kg,manufacturer,,,,,,0.95,manufacturer,0.95,manufacturer,production,2025-09-10T20:58:34.309986,True
briantos_004,Briantos,briantos,Briantos Product 4,https://www.briantos.com/product/4,semi-moist,,"chicken, chicken meal, corn, rice, spinach, carrots, salmon oil, minerals, probiotics",25.9,catalog,manufacturer,,manufacturer,"[""chicken"", ""chicken meal"", ""corn"", ""rice"", ""spinach"", ""carrots"", ""salmon oil"", ""minerals"", ""probiotics""]",manufacturer,"[""chicken"", ""fish"", ""grain""]",manufacturer,24.1,manufacturer,10.7,manufacturer,2.8,manufacturer,8.0,manufacturer,10.9,manufacturer,327.6,manufacturer,1.5kg,manufacturer,manufacturer,17.27,manufacturer,mid,manufacturer,0.95,manufacturer,0.0,manufacturer,production,2025-09-10T20:58:34.309986,True
briantos_005,Briantos,briantos,Briantos Product 5,https://www.briantos.com/product/5,dry,all,"beef, lamb meal, wheat, barley, pumpkin, sweet potato, flaxseed oil, chondroitin, glucosamine",24.9,catalog,manufacturer,manufacturer,manufacturer,"[""beef"", ""lamb meal"", ""wheat"", ""barley"", ""pumpkin"", ""sweet potato"", ""flaxseed oil"", ""chondroitin"", ""glucosamine""]",manufacturer,"[""beef"", ""lamb"", ""grain""]",manufacturer,,,,,,,,,,,,,800g,manufacturer,manufacturer,31.12,manufacturer,premium,manufacturer,0.95,manufacturer,0.95,manufacturer,production,2025-09-10T20:58:34.309986,True
briantos_006,Briantos,briantos,Briantos Product 6,https://www.briantos.com/product/6,dry,all,"lamb meal, turkey, corn, rice, pumpkin, spinach, salmon oil, glucosamine, probiotics",23.27,catalog,manufacturer,manufacturer,manufacturer,"[""lamb meal"", ""turkey"", ""corn"", ""rice"", ""pumpkin"", ""spinach"", ""salmon oil"", ""glucosamine"", ""probiotics""]",manufacturer,"[""chicken"", ""lamb"", ""fish"", ""grain""]",manufacturer,20.2,manufacturer,11.3,manufacturer,4.9,manufacturer,8.3,manufacturer,8.6,manufacturer,330.2,manufacturer,10kg,manufacturer,manufacturer,2.33,manufacturer,budget,manufacturer,0.95,manufacturer,0.95,manufacturer,production,2025-09-10T20:58:34.309986,True
briantos_007,Briantos,briantos,Briantos Product 7,https://www.briantos.com/product/7,dry,adult,"chicken, salmon, barley, rice, sweet potato, peas, chicken fat, minerals, vitamins",,catalog,manufacturer,manufacturer,manufacturer,"[""chicken"", ""salmon"", ""barley"", ""rice"", ""sweet potato"", ""peas"", ""chicken fat"", ""minerals"", ""vitamins""]",manufacturer,"[""chicken"", ""fish"", ""grain""]",manufacturer,29.1,manufacturer,9.5,manufacturer,3.5,manufacturer,5.7,manufacturer,8.8,manufacturer,334.5,manufacturer,12kg,manufacturer,,,,,,0.95,manufacturer,0.95,manufacturer,production,2025-09-10T20:58:34.309986,True
briantos_008,Briantos,briantos,Briantos Product 8,https://www.briantos.com/product/8,wet,senior,"lamb meal, salmon, rice, barley, pumpkin, spinach, flaxseed oil, vitamins, probiotics",16.33,catalog,manufacturer,manufacturer,manufacturer,"[""lamb meal"", ""salmon"", ""rice"", ""barley"", ""pumpkin"", ""spinach"", ""flaxseed oil"", ""vitamins"", ""probiotics""]",manufacturer,"[""lamb"", ""fish"", ""grain""]",manufacturer,24.7,manufacturer,16.7,manufacturer,2.5,manufacturer,8.2,manufacturer,11.4,manufacturer,356.1,manufacturer,15kg,manufacturer,manufacturer,1.09,manufacturer,budget,manufacturer,0.95,manufacturer,0.95,manufacturer,production,2025-09-10T20:58:34.309986,True
briantos_009,Briantos,briantos,Briantos Product 9,https://www.briantos.com/product/9,dry,adult,"chicken meal, beef, corn, oats, carrots, pumpkin, chicken fat, chondroitin, vitamins",20.05,catalog,manufacturer,manufacturer,manufacturer,"[""chicken meal"", ""beef"", ""corn"", ""oats"", ""carrots"", ""pumpkin"", ""chicken fat"", ""chondroitin"", ""vitamins""]",manufacturer,"[""chicken"", ""beef"", ""grain""]",manufacturer,23.8,manufacturer,15.7,manufacturer,2.3,manufacturer,8.5,manufacturer,8.8,manufacturer,359.9,manufacturer,5kg,manufacturer,manufacturer,4.01,manufacturer,budget,manufacturer,0.95,manufacturer,0.95,manufacturer,production,2025-09-10T20:58:34.309986,True
briantos_010,Briantos,briantos,Briantos Product 10,https://www.briantos.com/product/10,dry,adult,"lamb meal, chicken, corn, barley, pumpkin, peas, salmon oil, glucosamine, chondroitin",25.23,catalog,manufacturer,manufacturer,manufacturer,"[""lamb meal"", ""chicken"", ""corn"", ""barley"", ""pumpkin"", ""peas"", ""salmon oil"", ""glucosamine"", ""chondroitin""]",manufacturer,"[""chicken"", ""lamb"", ""fish"", ""grain""]",manufacturer,27.6,manufacturer,8.0,manufacturer,3.0,manufacturer,9.0,manufacturer,11.6,manufacturer,307.4,manufacturer,800g,manufacturer,manufacturer,31.54,manufacturer,premium,manufacturer,0.95,manufacturer,0.95,manufacturer,production,2025-09-10T20:58:34.309986,True
briantos_011,Briantos,briantos,Briantos Product 11,https://www.briantos.com/product/11,dry,adult,"beef, chicken, oats, wheat, carrots, peas, sunflower oil, vitamins, probiotics",19.54,catalog,manufacturer,manufacturer,manufacturer,"[""beef"", ""chicken"", ""oats"", ""wheat"", ""carrots"", ""peas"", ""sunflower oil"", ""vitamins"", ""probiotics""]",manufacturer,"[""chicken"", ""beef"", ""grain""]",manufacturer,26.6,manufacturer,13.2,manufacturer,4.0,manufacturer,8.5,manufacturer,10.9,manufacturer,334.1,manufacturer,15kg,manufacturer,manufacturer,1.3,manufacturer,budget,manufacturer,0.95,manufacturer,0.95,manufacturer,production,2025-09-10T20:58:34.309986,True
briantos_012,Briantos,briantos,Briantos Product 12,https://www.briantos.com/product/12,wet,puppy,"beef, salmon, oats, corn, carrots, pumpkin, sunflower oil, minerals, chondroitin",24.63,catalog,manufacturer,manufacturer,manufacturer,"[""beef"", ""salmon"", ""oats"", ""corn"", ""carrots"", ""pumpkin"", ""sunflower oil"", ""minerals"", ""chondroitin""]",manufacturer,"[""beef"", ""fish"", ""grain""]",manufacturer,30.8,manufacturer,19.6,manufacturer,3.1,manufacturer,6.8,manufacturer,10.8,manufacturer,375.6,manufacturer,15kg,manufacturer,manufacturer,1.64,manufacturer,budget,manufacturer,0.95,manufacturer,0.95,manufacturer,production,2025-09-10T20:58:34.309986,True
briantos_013,Briantos,briantos,Briantos Product 13,https://www.briantos.com/product/13,wet,senior,"lamb meal, chicken, oats, wheat, peas, spinach, chicken fat, chondroitin, probiotics",16.3,catalog,manufacturer,manufacturer,manufacturer,"[""lamb meal"", ""chicken"", ""oats"", ""wheat"", ""peas"", ""spinach"", ""chicken fat"", ""chondroitin"", ""probiotics""]",manufacturer,"[""chicken"", ""lamb"", ""grain""]",manufacturer,21.7,manufacturer,12.1,manufacturer,5.1,manufacturer,5.7,manufacturer,9.2,manufacturer,340.5,manufacturer,400g,manufacturer,manufacturer,40.75,manufacturer,super_premium,manufacturer,0.95,manufacturer,0.95,manufacturer,production,2025-09-10T20:58:34.309986,True
briantos_014,Briantos,briantos,Briantos Product 14,https://www.briantos.com/product/14,wet,puppy,"chicken meal, beef, oats, rice, pumpkin, sweet potato, salmon oil, vitamins, chondroitin",15.53,catalog,manufacturer,manufacturer,manufacturer,"[""chicken meal"", ""beef"", ""oats"", ""rice"", ""pumpkin"", ""sweet potato"", ""salmon oil"", ""vitamins"", ""chondroitin""]",manufacturer,"[""chicken"", ""beef"", ""fish""]",manufacturer,19.5,manufacturer,11.0,manufacturer,3.7,manufacturer,8.6,manufacturer,11.7,manufacturer,321.0,manufacturer,12kg,manufacturer,manufacturer,1.29,manufacturer,budget,manufacturer,0.95,manufacturer,0.95,manufacturer,production,2025-09-10T20:58:34.309986,True
briantos_015,Briantos,briantos,Briantos Product 15,https://www.briantos.com/product/15,dry,puppy,"lamb meal, salmon, oats, corn, sweet potato, pumpkin, sunflower oil, probiotics, vitamins",26.1,catalog,manufacturer,manufacturer,manufacturer,"[""lamb meal"", ""salmon"", ""oats"", ""corn"", ""sweet potato"", ""pumpkin"", ""sunflower oil"", ""probiotics"", ""vitamins""]",manufacturer,"[""lamb"", ""fish"", ""grain""]",manufacturer,30.3,manufacturer,17.7,manufacturer,2.5,manufacturer,8.3,manufacturer,8.7,manufacturer,370.2,manufacturer,400g,manufacturer,manufacturer,65.25,manufacturer,super_premium,manufacturer,0.95,manufacturer,0.95,manufacturer,production,2025-09-10T20:58:34.309986,True
briantos_016,Briantos,briantos,Briantos Product 16,https://www.briantos.com/product/16,wet,adult,"salmon, chicken, oats, rice, spinach, pumpkin, sunflower oil, chondroitin, probiotics",32.74,catalog,manufacturer,manufacturer,manufacturer,"[""salmon"", ""chicken"", ""oats"", ""rice"", ""spinach"", ""pumpkin"", ""sunflower oil"", ""chondroitin"", ""probiotics""]",manufacturer,"[""chicken"", ""fish""]",manufacturer,24.6,manufacturer,15.4,manufacturer,3.5,manufacturer,8.7,manufacturer,9.6,manufacturer,350.7,manufacturer,800g,manufacturer,manufacturer,40.92,manufacturer,super_premium,manufacturer,0.95,manufacturer,0.95,manufacturer,production,2025-09-10T20:58:34.309986,True
briantos_017,Briantos,briantos,Briantos Product 17,https://www.briantos.com/product/17,dry,adult,"lamb meal, salmon, barley, corn, peas, sweet potato, sunflower oil, glucosamine, chondroitin",22.22,catalog,manufacturer,manufacturer,manufacturer,"[""lamb meal"", ""salmon"", ""barley"", ""corn"", ""peas"", ""sweet potato"", ""sunflower oil"", ""glucosamine"", ""chondroitin""]",manufacturer,"[""lamb"", ""fish"", ""grain""]",manufacturer,24.6,manufacturer,11.9,manufacturer,2.6,manufacturer,6.6,manufacturer,9.4,manufacturer,344.4,manufacturer,1.5kg,manufacturer,manufacturer,14.81,manufacturer,mid,manufacturer,0.95,manufacturer,0.95,manufacturer,production,2025-09-10T20:58:34.309986,True
briantos_018,Briantos,briantos,Briantos Product 18,https://www.briantos.com/product/18,wet,puppy,"turkey, salmon, oats, barley, peas, pumpkin, flaxseed oil, vitamins, chondroitin",30.64,catalog,manufacturer,manufacturer,manufacturer,"[""turkey"", ""salmon"", ""oats"", ""barley"", ""peas"", ""pumpkin"", ""flaxseed oil"", ""vitamins"", ""chondroitin""]",manufacturer,"[""chicken"", ""fish"", ""grain""]",manufacturer,18.7,manufacturer,11.6,manufacturer,5.9,manufacturer,8.6,manufacturer,10.2,manufacturer,321.6,manufacturer,10kg,manufacturer,manufacturer,3.06,manufacturer,budget,manufacturer,0.95,manufacturer,0.95,manufacturer,production,2025-09-10T20:58:34.309986,True
briantos_019,Briantos,briantos,Briantos Product 19,https://www.briantos.com/product/19,dry,senior,"chicken meal, beef, wheat, barley, spinach, pumpkin, sunflower oil, minerals, vitamins",,catalog,manufacturer,manufacturer,manufacturer,"[""chicken meal"", ""beef"", ""wheat"", ""barley"", ""spinach"", ""pumpkin"", ""sunflower oil"", ""minerals"", ""vitamins""]",manufacturer,"[""chicken"", ""beef"", ""grain""]",manufacturer,23.2,manufacturer,9.6,manufacturer,3.1,manufacturer,5.0,manufacturer,9.7,manufacturer,335.7,manufacturer,15kg,manufacturer,,,,,,0.95,manufacturer,0.95,manufacturer,production,2025-09-10T20:58:34.309986,True
briantos_020,Briantos,briantos,Briantos Product 20,https://www.briantos.com/product/20,wet,adult,"chicken, beef, wheat, barley, carrots, peas, salmon oil, minerals, glucosamine",16.56,catalog,manufacturer,manufacturer,manufacturer,"[""chicken"", ""beef"", ""wheat"", ""barley"", ""carrots"", ""peas"", ""salmon oil"", ""minerals"", ""glucosamine""]",manufacturer,"[""chicken"", ""beef"", ""fish"", ""grain""]",manufacturer,,,,,,,,,,,,,1.5kg,manufacturer,manufacturer,11.04,manufacturer,mid,manufacturer,0.95,manufacturer,0.95,manufacturer,production,2025-09-10T20:58:34.309986,True
briantos_021,Briantos,briantos,Briantos Product 21,https://www.briantos.com/product/21,dry,puppy,"chicken meal, chicken, rice, barley, sweet potato, pumpkin, chicken fat, chondroitin, probiotics",27.6,catalog,manufacturer,manufacturer,manufacturer,"[""chicken meal"", ""chicken"", ""rice"", ""barley"", ""sweet potato"", ""pumpkin"", ""chicken fat"", ""chondroitin"", ""probiotics""]",manufacturer,"[""chicken"", ""grain""]",manufacturer,22.2,manufacturer,15.0,manufacturer,2.1,manufacturer,8.2,manufacturer,10.5,manufacturer,352.2,manufacturer,12kg,manufacturer,manufacturer,2.3,manufacturer,budget,manufacturer,0.95,manufacturer,0.95,manufacturer,production,2025-09-10T20:58:34.309986,True
briantos_022,Briantos,briantos,Briantos Product 22,https://www.briantos.com/product/22,dry,adult,"turkey, chicken, corn, barley, carrots, sweet potato, chicken fat, glucosamine, chondroitin",33.34,catalog,manufacturer,manufacturer,manufacturer,"[""turkey"", ""chicken"", ""corn"", ""barley"", ""carrots"", ""sweet potato"", ""chicken fat"", ""glucosamine"", ""chondroitin""]",manufacturer,"[""chicken"", ""grain""]",manufacturer,19.0,manufacturer,13.2,manufacturer,3.0,manufacturer,7.3,manufacturer,9.7,manufacturer,346.0,manufacturer,2kg,manufacturer,manufacturer,16.67,manufacturer,mid,manufacturer,0.95,manufacturer,0.95,manufacturer,production,2025-09-10T20:58:34.309986,True
briantos_023,Briantos,briantos,Briantos Product 23,https://www.briantos.com/product/23,wet,adult,"salmon, turkey, wheat, barley, peas, pumpkin, chicken fat, probiotics, vitamins",,catalog,manufacturer,manufacturer,manufacturer,"[""salmon"", ""turkey"", ""wheat"", ""barley"", ""peas"", ""pumpkin"", ""chicken fat"", ""probiotics"", ""vitamins""]",manufacturer,"[""chicken"", ""fish"", ""grain""]",manufacturer,30.8,manufacturer,16.5,manufacturer,3.8,manufacturer,6.3,manufacturer,11.6,manufacturer,356.6,manufacturer,12kg,manufacturer,,,,,,0.95,manufacturer,0.95,manufacturer,production,2025-09-10T20:58:34.309986,True
briantos_024,Briantos,briantos,Briantos Product 24,https://www.briantos.com/product/24,semi-moist,adult,"turkey, beef, corn, wheat, spinach, sweet potato, sunflower oil, chondroitin, glucosamine",,catalog,manufacturer,manufacturer,manufacturer,"[""turkey"", ""beef"", ""corn"", ""wheat"", ""spinach"", ""sweet potato"", ""sunflower oil"", ""chondroitin"", ""glucosamine""]",manufacturer,"[""chicken"", ""beef"", ""grain""]",manufacturer,,,,,,,,,,,,,800g,manufacturer,,,,,,0.95,manufacturer,0.95,manufacturer,production,2025-09-10T20:58:34.309986,True
briantos_025,Briantos,briantos,Briantos Product 25,https://www.briantos.com/product/25,wet,adult,"chicken, salmon, corn, oats, pumpkin, peas, salmon oil, chondroitin, probiotics",15.1,catalog,manufacturer,manufacturer,manufacturer,"[""chicken"", ""salmon"", ""corn"", ""oats"", ""pumpkin"", ""peas"", ""salmon oil"", ""chondroitin"", ""probiotics""]",manufacturer,"[""chicken"", ""fish"", ""grain""]",manufacturer,18.9,manufacturer,9.7,manufacturer,4.6,manufacturer,5.4,manufacturer,11.1,manufacturer,324.6,manufacturer,400g,manufacturer,manufacturer,37.75,manufacturer,premium,manufacturer,0.95,manufacturer,0.95,manufacturer,production,2025-09-10T20:58:34.309986,True
briantos_026,Briantos,briantos,Briantos Product 26,https://www.briantos.com/product/26,dry,all,"chicken meal, lamb meal, barley, rice, carrots, spinach, sunflower oil, glucosamine, minerals",18.65,catalog,manufacturer,manufacturer,manufacturer,"[""chicken meal"", ""lamb meal"", ""barley"", ""rice"", ""carrots"", ""spinach"", ""sunflower oil"", ""glucosamine"", ""minerals""]",manufacturer,"[""chicken"", ""lamb"", ""grain""]",manufacturer,28.0,manufacturer,8.9,manufacturer,2.9,manufacturer,6.6,manufacturer,10.8,manufacturer,323.4,manufacturer,2kg,manufacturer,manufacturer,9.32,manufacturer,economy,manufacturer,0.95,manufacturer,0.95,manufacturer,production,2025-09-10T20:58:34.309986,True
briantos_027,Briantos,briantos,Briantos Product 27,https://www.briantos.com/product/27,dry,puppy,"lamb meal, beef, wheat, oats, spinach, peas, salmon oil, minerals, glucosamine",22.37,catalog,manufacturer,manufacturer,manufacturer,"[""lamb meal"", ""beef"", ""wheat"", ""oats"", ""spinach"", ""peas"", ""salmon oil"", ""minerals"", ""glucosamine""]",manufacturer,"[""beef"", ""lamb"", ""fish"", ""grain""]",manufacturer,23.4,manufacturer,10.1,manufacturer,4.5,manufacturer,7.3,manufacturer,9.5,manufacturer,326.0,manufacturer,800g,manufacturer,manufacturer,27.96,manufacturer,premium,manufacturer,0.95,manufacturer,0.95,manufacturer,production,2025-09-10T20:58:34.309986,True
briantos_028,Briantos,briantos,Briantos Product 28,https://www.briantos.com/product/28,dry,puppy,"chicken meal, chicken, oats, barley, spinach, pumpkin, salmon oil, glucosamine, chondroitin",21.2,catalog,manufacturer,manufacturer,manufacturer,"[""chicken meal"", ""chicken"", ""oats"", ""barley"", ""spinach"", ""pumpkin"", ""salmon oil"", ""glucosamine"", ""chondroitin""]",manufacturer,"[""chicken"", ""fish"", ""grain""]",manufacturer,30.0,manufacturer,17.9,manufacturer,5.6,manufacturer,8.3,manufacturer,11.7,manufacturer,349.9,manufacturer,800g,manufacturer,manufacturer,26.5,manufacturer,premium,manufacturer,0.95,manufacturer,0.95,manufacturer,production,2025-09-10T20:58:34.309986,True
briantos_029,Briantos,briantos,Briantos Product 29,https://www.briantos.com/product/29,wet,adult,"turkey, chicken, rice, oats, carrots, spinach, sunflower oil, chondroitin, vitamins",15.44,catalog,manufacturer,manufacturer,manufacturer,"[""turkey"", ""chicken"", ""rice"", ""oats"", ""carrots"", ""spinach"", ""sunflower oil"", ""chondroitin"", ""vitamins""]",manufacturer,"[""chicken""]",manufacturer,23.8,manufacturer,16.8,manufacturer,2.4,manufacturer,8.1,manufacturer,10.6,manufacturer,360.2,manufacturer,400g,manufacturer,manufacturer,38.6,manufacturer,premium,manufacturer,0.95,manufacturer,0.95,manufacturer,production,2025-09-10T20:58:34.309986,True
briantos_030,Briantos,briantos,Briantos Product 30,https://www.briantos.com/product/30,dry,all,"chicken, salmon, oats, corn, peas, pumpkin, salmon oil, glucosamine, minerals",18.48,catalog,manufacturer,manufacturer,manufacturer,"[""chicken"", ""salmon"", ""oats"", ""corn"", ""peas"", ""pumpkin"", ""salmon oil"", ""glucosamine"", ""minerals""]",manufacturer,"[""chicken"", ""fish"", ""grain""]",manufacturer,22.6,manufacturer,11.6,manufacturer,3.5,manufacturer,6.4,manufacturer,10.2,manufacturer,337.7,manufacturer,2kg,manufacturer,manufacturer,9.24,manufacturer,economy,manufacturer,0.95,manufacturer,0.95,manufacturer,production,2025-09-10T20:58:34.309986,True
briantos_031,Briantos,briantos,Briantos Product 31,https://www.briantos.com/product/31,dry,adult,"lamb meal, chicken, oats, rice, carrots, spinach, flaxseed oil, minerals, vitamins",26.45,catalog,manufacturer,manufacturer,manufacturer,"[""lamb meal"", ""chicken"", ""oats"", ""rice"", ""carrots"", ""spinach"", ""flaxseed oil"", ""minerals"", ""vitamins""]",manufacturer,"[""chicken"", ""lamb""]",manufacturer,29.5,manufacturer,9.1,manufacturer,2.9,manufacturer,6.5,manufacturer,10.2,manufacturer,326.9,manufacturer,12kg,manufacturer,manufacturer,2.2,manufacturer,budget,manufacturer,0.95,manufacturer,0.95,manufacturer,production,2025-09-10T20:58:34.309986,True
briantos_032,Briantos,briantos,Briantos Product 32,https://www.briantos.com/product/32,dry,puppy,"lamb meal, chicken meal, rice, barley, sweet potato, pumpkin, flaxseed oil, vitamins, glucosamine",29.4,catalog,manufacturer,manufacturer,manufacturer,"[""lamb meal"", ""chicken meal"", ""rice"", ""barley"", ""sweet potato"", ""pumpkin"", ""flaxseed oil"", ""vitamins"", ""glucosamine""]",manufacturer,"[""chicken"", ""lamb"", ""grain""]",manufacturer,,,,,,,,,,,,,800g,manufacturer,manufacturer,36.75,manufacturer,premium,manufacturer,0.95,manufacturer,0.95,manufacturer,production,2025-09-10T20:58:34.309986,True
briantos_033,Briantos,briantos,Briantos Product 33,https://www.briantos.com/product/33,dry,adult,"lamb meal, beef, rice, corn, sweet potato, carrots, chicken fat, probiotics, glucosamine",23.39,catalog,manufacturer,manufacturer,manufacturer,"[""lamb meal"", ""beef"", ""rice"", ""corn"", ""sweet potato"", ""carrots"", ""chicken fat"", ""probiotics"", ""glucosamine""]",manufacturer,"[""chicken"", ""beef"", ""lamb"", ""grain""]",manufacturer,19.7,manufacturer,13.5,manufacturer,5.7,manufacturer,6.1,manufacturer,8.1,manufacturer,347.8,manufacturer,2kg,manufacturer,manufacturer,11.7,manufacturer,mid,manufacturer,0.95,manufacturer,0.95,manufacturer,production,2025-09-10T20:58:34.309986,True
briantos_034,Briantos,briantos,Briantos Product 34,https://www.briantos.com/product/34,wet,adult,"chicken, lamb meal, corn, wheat, sweet potato, spinach, sunflower oil, minerals, vitamins",19.63,catalog,manufacturer,manufacturer,manufacturer,"[""chicken"", ""lamb meal"", ""corn"", ""wheat"", ""sweet potato"", ""spinach"", ""sunflower oil"", ""minerals"", ""vitamins""]",manufacturer,"[""chicken"", ""lamb"", ""grain""]",manufacturer,31.0,manufacturer,8.1,manufacturer,6.0,manufacturer,7.1,manufacturer,11.6,manufacturer,304.0,manufacturer,10kg,manufacturer,manufacturer,1.96,manufacturer,budget,manufacturer,0.95,manufacturer,0.95,manufacturer,production,2025-09-10T20:58:34.309986,True
briantos_035,Briantos,briantos,Briantos Product 35,https://www.briantos.com/product/35,dry,adult,"salmon, chicken, oats, barley, peas, spinach, salmon oil, glucosamine, minerals",,catalog,manufacturer,manufacturer,manufacturer,"[""salmon"", ""chicken"", ""oats"", ""barley"", ""peas"", ""spinach"", ""salmon oil"", ""glucosamine"", ""minerals""]",manufacturer,"[""chicken"", ""fish"", ""grain""]",manufacturer,22.1,manufacturer,15.4,manufacturer,5.8,manufacturer,8.2,manufacturer,11.4,manufacturer,338.1,manufacturer,15kg,manufacturer,,,,,,0.95,manufacturer,0.95,manufacturer,production,2025-09-10T20:58:34.309986,True
briantos_036,Briantos,briantos,Briantos Product 36,https://www.briantos.com/product/36,wet,adult,"lamb meal, turkey, rice, oats, carrots, pumpkin, sunflower oil, minerals, vitamins",30.48,catalog,manufacturer,manufacturer,manufacturer,"[""lamb meal"", ""turkey"", ""rice"", ""oats"", ""carrots"", ""pumpkin"", ""sunflower oil"", ""minerals"", ""vitamins""]",manufacturer,"[""chicken"", ""lamb""]",manufacturer,25.2,manufacturer,10.2,manufacturer,5.1,manufacturer,6.5,manufacturer,11.7,manufacturer,319.4,manufacturer,5kg,manufacturer,manufacturer,6.1,manufacturer,economy,manufacturer,0.95,manufacturer,0.95,manufacturer,production,2025-09-10T20:58:34.309986,True
briantos_037,Briantos,briantos,Briantos Product 37,https://www.briantos.com/product/37,dry,puppy,"lamb meal, turkey, corn, barley, sweet potato, spinach, chicken fat, minerals, vitamins",31.6,catalog,manufacturer,manufacturer,manufacturer,"[""lamb meal"", ""turkey"", ""corn"", ""barley"", ""sweet potato"", ""spinach"", ""chicken fat"", ""minerals"", ""vitamins""]",manufacturer,"[""chicken"", ""lamb"", ""grain""]",manufacturer,29.2,manufacturer,19.9,manufacturer,5.4,manufacturer,5.9,manufacturer,10.5,manufacturer,373.2,manufacturer,15kg,manufacturer,manufacturer,2.11,manufacturer,budget,manufacturer,0.95,manufacturer,0.95,manufacturer,production,2025-09-10T20:58:34.309986,True
briantos_038,Briantos,briantos,Briantos Product 38,https://www.briantos.com/product/38,dry,adult,"turkey, chicken meal, corn, barley, spinach, sweet potato, sunflower oil, chondroitin, minerals",19.22,catalog,manufacturer,manufacturer,manufacturer,"[""turkey"", ""chicken meal"", ""corn"", ""barley"", ""spinach"", ""sweet potato"", ""sunflower oil"", ""chondroitin"", ""minerals""]",manufacturer,"[""chicken"", ""grain""]",manufacturer,18.3,manufacturer,19.3,manufacturer,2.7,manufacturer,8.5,manufacturer,9.9,manufacturer,372.7,manufacturer,12kg,manufacturer,manufacturer,1.6,manufacturer,budget,manufacturer,0.95,manufacturer,0.95,manufacturer,production,2025-09-10T20:58:34.309986,True
briantos_039,Briantos,briantos,Briantos Product 39,https://www.briantos.com/product/39,dry,adult,"salmon, beef, barley, rice, peas, pumpkin, chicken fat, minerals, vitamins",29.23,catalog,manufacturer,manufacturer,manufacturer,"[""salmon"", ""beef"", ""barley"", ""rice"", ""peas"", ""pumpkin"", ""chicken fat"", ""minerals"", ""vitamins""]",manufacturer,"[""chicken"", ""beef"", ""fish"", ""grain""]",manufacturer,19.2,manufacturer,16.1,manufacturer,3.4,manufacturer,7.2,manufacturer,8.0,manufacturer,365.4,manufacturer,2kg,manufacturer,manufacturer,14.62,manufacturer,mid,manufacturer,0.95,manufacturer,0.95,manufacturer,production,2025-09-10T20:58:34.309986,True
briantos_040,Briantos,briantos,Briantos Product 40,https://www.briantos.com/product/40,dry,adult,"salmon, turkey, barley, corn, sweet potato, peas, salmon oil, glucosamine, minerals",27.28,catalog,manufacturer,manufacturer,manufacturer,"[""salmon"", ""turkey"", ""barley"", ""corn"", ""sweet potato"", ""peas"", ""salmon oil"", ""glucosamine"", ""minerals""]",manufacturer,"[""chicken"", ""fish"", ""grain""]",manufacturer,23.9,manufacturer,18.5,manufacturer,2.6,manufacturer,6.0,manufacturer,8.4,manufacturer,383.0,manufacturer,1.5kg,manufacturer,manufacturer,18.19,manufacturer,mid,manufacturer,0.95,manufacturer,0.95,manufacturer,production,2025-09-10T20:58:34.309986,True
briantos_041,Briantos,briantos,Briantos Product 41,https://www.briantos.com/product/41,wet,all,"chicken, turkey, rice, barley, sweet potato, carrots, salmon oil, vitamins, probiotics",17.02,catalog,manufacturer,manufacturer,manufacturer,"[""chicken"", ""turkey"", ""rice"", ""barley"", ""sweet potato"", ""carrots"", ""salmon oil"", ""vitamins"", ""probiotics""]",manufacturer,"[""chicken"", ""fish"", ""grain""]",manufacturer,22.7,manufacturer,14.3,manufacturer,2.7,manufacturer,8.8,manufacturer,9.9,manufacturer,346.6,manufacturer,10kg,manufacturer,manufacturer,1.7,manufacturer,budget,manufacturer,0.95,manufacturer,0.95,manufacturer,production,2025-09-10T20:58:34.309986,True
briantos_042,Briantos,briantos,Briantos Product 42,https://www.briantos.com/product/42,dry,all,"turkey, chicken meal, corn, barley, peas, carrots, sunflower oil, glucosamine, vitamins",15.41,catalog,manufacturer,manufacturer,manufacturer,"[""turkey"", ""chicken meal"", ""corn"", ""barley"", ""peas"", ""carrots"", ""sunflower oil"", ""glucosamine"", ""vitamins""]",manufacturer,"[""chicken"", ""grain""]",manufacturer,25.0,manufacturer,16.8,manufacturer,5.8,manufacturer,7.5,manufacturer,8.1,manufacturer,359.1,manufacturer,12kg,manufacturer,manufacturer,1.28,manufacturer,budget,manufacturer,0.95,manufacturer,0.95,manufacturer,production,2025-09-10T20:58:34.309986,True
briantos_043,Briantos,briantos,Briantos Product 43,https://www.briantos.com/product/43,dry,adult,"turkey, chicken meal, rice, corn, peas, carrots, chicken fat, probiotics, minerals",,catalog,manufacturer,manufacturer,manufacturer,"[""turkey"", ""chicken meal"", ""rice"", ""corn"", ""peas"", ""carrots"", ""chicken fat"", ""probiotics"", ""minerals""]",manufacturer,"[""chicken"", ""grain""]",manufacturer,27.7,manufacturer,12.1,manufacturer,4.1,manufacturer,6.3,manufacturer,10.3,manufacturer,338.1,manufacturer,2kg,manufacturer,,,,,,0.95,manufacturer,0.95,manufacturer,production,2025-09-10T20:58:34.309986,True
briantos_044,Briantos,briantos,Briantos Product 44,https://www.briantos.com/product/44,raw,puppy,"salmon, lamb meal, wheat, rice, peas, carrots, chicken fat, minerals, glucosamine",22.15,catalog,manufacturer,manufacturer,manufacturer,"[""salmon"", ""lamb meal"", ""wheat"", ""rice"", ""peas"", ""carrots"", ""chicken fat"", ""minerals"", ""glucosamine""]",manufacturer,"[""chicken"", ""lamb"", ""fish"", ""grain""]",manufacturer,30.2,manufacturer,14.8,manufacturer,4.0,manufacturer,5.3,manufacturer,10.0,manufacturer,356.5,manufacturer,2kg,manufacturer,manufacturer,11.07,manufacturer,mid,manufacturer,0.95,manufacturer,0.95,manufacturer,production,2025-09-10T20:58:34.309986,True
briantos_045,Briantos,briantos,Briantos Product 45,https://www.briantos.com/product/45,dry,puppy,"turkey, lamb meal, wheat, corn, spinach, peas, chicken fat, vitamins, glucosamine",29.38,catalog,manufacturer,manufacturer,manufacturer,"[""turkey"", ""lamb meal"", ""wheat"", ""corn"", ""spinach"", ""peas"", ""chicken fat"", ""vitamins"", ""glucosamine""]",manufacturer,"[""chicken"", ""lamb"", ""grain""]",manufacturer,28.3,manufacturer,8.9,manufacturer,5.0,manufacturer,6.9,manufacturer,9.6,manufacturer,319.2,manufacturer,5kg,manufacturer,manufacturer,5.88,manufacturer,economy,manufacturer,0.95,manufacturer,0.95,manufacturer,production,2025-09-10T20:58:34.309986,True
briantos_046,Briantos,briantos,Briantos Product 46,https://www.briantos.com/product/46,dry,puppy,"beef, chicken, wheat, barley, carrots, spinach, chicken fat, probiotics, vitamins",,catalog,manufacturer,manufacturer,manufacturer,"[""beef"", ""chicken"", ""wheat"", ""barley"", ""carrots"", ""spinach"", ""chicken fat"", ""probiotics"", ""vitamins""]",manufacturer,"[""chicken"", ""beef"", ""grain""]",manufacturer,27.1,manufacturer,12.4,manufacturer,2.5,manufacturer,7.0,manufacturer,10.3,manufacturer,342.7,manufacturer,10kg,manufacturer,,,,,,0.95,manufacturer,0.95,manufacturer,production,2025-09-10T20:58:34.309986,True
bozita_001,Bozita,bozita,Bozita Product 1,https://www.bozita.com/product/1,dry,puppy,"turkey, lamb meal, barley, corn, spinach, carrots, flaxseed oil, chondroitin, probiotics",26.36,catalog,manufacturer,manufacturer,manufacturer,"[""turkey"", ""lamb meal"", ""barley"", ""corn"", ""spinach"", ""carrots"", ""flaxseed oil"", ""chondroitin"", ""probiotics""]",manufacturer,"[""chicken"", ""lamb"", ""grain""]",manufacturer,29.3,manufacturer,18.8,manufacturer,2.3,manufacturer,7.2,manufacturer,10.4,manufacturer,374.4,manufacturer,1.5kg,manufacturer,manufacturer,17.57,manufacturer,mid,manufacturer,0.95,manufacturer,0.95,manufacturer,production,2025-09-10T20:58:34.309986,True
bozita_002,Bozita,bozita,Bozita Product 2,https://www.bozita.com/product/2,wet,adult,"salmon, turkey, rice, wheat, spinach, pumpkin, flaxseed oil, vitamins, probiotics",36.54,catalog,manufacturer,manufacturer,manufacturer,"[""salmon"", ""turkey"", ""rice"", ""wheat"", ""spinach"", ""pumpkin"", ""flaxseed oil"", ""vitamins"", ""probiotics""]",manufacturer,"[""chicken"", ""fish"", ""grain""]",manufacturer,29.8,manufacturer,15.0,manufacturer,4.6,manufacturer,6.1,manufacturer,10.4,manufacturer,351.2,manufacturer,800g,manufacturer,manufacturer,45.67,manufacturer,super_premium,manufacturer,0.95,manufacturer,0.95,manufacturer,production,2025-09-10T20:58:34.309986,True
bozita_003,Bozita,bozita,Bozita Product 3,https://www.bozita.com/product/3,wet,puppy,"chicken meal, salmon, barley, wheat, sweet potato, peas, sunflower oil, chondroitin, probiotics",38.52,catalog,manufacturer,manufacturer,manufacturer,"[""chicken meal"", ""salmon"", ""barley"", ""wheat"", ""sweet potato"", ""peas"", ""sunflower oil"", ""chondroitin"", ""probiotics""]",manufacturer,"[""chicken"", ""fish"", ""grain""]",manufacturer,20.5,manufacturer,18.6,manufacturer,2.6,manufacturer,6.0,manufacturer,11.3,manufacturer,373.4,manufacturer,15kg,manufacturer,manufacturer,2.57,manufacturer,budget,manufacturer,0.95,manufacturer,0.95,manufacturer,production,2025-09-10T20:58:34.309986,True
bozita_004,Bozita,bozita,Bozita Product 4,https://www.bozita.com/product/4,,senior,"chicken, turkey, barley, corn, sweet potato, peas, sunflower oil, vitamins, glucosamine",31.83,catalog,,manufacturer,manufacturer,"[""chicken"", ""turkey"", ""barley"", ""corn"", ""sweet potato"", ""peas"", ""sunflower oil"", ""vitamins"", ""glucosamine""]",manufacturer,"[""chicken"", ""grain""]",manufacturer,,,,,,,,,,,,,1.5kg,manufacturer,manufacturer,21.22,manufacturer,premium,manufacturer,0.0,manufacturer,0.95,manufacturer,production,2025-09-10T20:58:34.309986,True
bozita_005,Bozita,bozita,Bozita Product 5,https://www.bozita.com/product/5,wet,adult,"chicken, lamb meal, wheat, barley, carrots, pumpkin, salmon oil, chondroitin, vitamins",30.44,catalog,manufacturer,manufacturer,manufacturer,"[""chicken"", ""lamb meal"", ""wheat"", ""barley"", ""carrots"", ""pumpkin"", ""salmon oil"", ""chondroitin"", ""vitamins""]",manufacturer,"[""chicken"", ""lamb"", ""fish"", ""grain""]",manufacturer,26.4,manufacturer,10.3,manufacturer,5.0,manufacturer,8.6,manufacturer,10.3,manufacturer,317.8,manufacturer,10kg,manufacturer,manufacturer,3.04,manufacturer,budget,manufacturer,0.95,manufacturer,0.95,manufacturer,production,2025-09-10T20:58:34.309986,True
bozita_006,Bozita,bozita,Bozita Product 6,https://www.bozita.com/product/6,dry,senior,"beef, lamb meal, rice, corn, carrots, spinach, chicken fat, vitamins, chondroitin",24.21,catalog,manufacturer,manufacturer,manufacturer,"[""beef"", ""lamb meal"", ""rice"", ""corn"", ""carrots"", ""spinach"", ""chicken fat"", ""vitamins"", ""chondroitin""]",manufacturer,"[""chicken"", ""beef"", ""lamb"", ""grain""]",manufacturer,22.4,manufacturer,8.2,manufacturer,2.7,manufacturer,8.5,manufacturer,11.6,manufacturer,311.2,manufacturer,10kg,manufacturer,manufacturer,2.42,manufacturer,budget,manufacturer,0.95,manufacturer,0.95,manufacturer,production,2025-09-10T20:58:34.309986,True
bozita_007,Bozita,bozita,Bozita Product 7,https://www.bozita.com/product/7,wet,adult,"beef, lamb meal, corn, oats, sweet potato, spinach, salmon oil, chondroitin, vitamins",21.3,catalog,manufacturer,manufacturer,manufacturer,"[""beef"", ""lamb meal"", ""corn"", ""oats"", ""sweet potato"", ""spinach"", ""salmon oil"", ""chondroitin"", ""vitamins""]",manufacturer,"[""beef"", ""lamb"", ""fish"", ""grain""]",manufacturer,20.1,manufacturer,13.2,manufacturer,3.0,manufacturer,7.1,manufacturer,9.2,manufacturer,348.5,manufacturer,15kg,manufacturer,manufacturer,1.42,manufacturer,budget,manufacturer,0.95,manufacturer,0.95,manufacturer,production,2025-09-10T20:58:34.309986,True
bozita_008,Bozita,bozita,Bozita Product 8,https://www.bozita.com/product/8,dry,puppy,"lamb meal, beef, rice, wheat, spinach, carrots, chicken fat, probiotics, minerals",20.09,catalog,manufacturer,manufacturer,manufacturer,"[""lamb meal"", ""beef"", ""rice"", ""wheat"", ""spinach"", ""carrots"", ""chicken fat"", ""probiotics"", ""minerals""]",manufacturer,"[""chicken"", ""beef"", ""lamb"", ""grain""]",manufacturer,,,,,,,,,,,,,1.5kg,manufacturer,manufacturer,13.39,manufacturer,mid,manufacturer,0.95,manufacturer,0.95,manufacturer,production,2025-09-10T20:58:34.309986,True
bozita_009,Bozita,bozita,Bozita Product 9,https://www.bozita.com/product/9,dry,puppy,"turkey, beef, oats, corn, pumpkin, carrots, chicken fat, chondroitin, probiotics",24.97,catalog,manufacturer,manufacturer,manufacturer,"[""turkey"", ""beef"", ""oats"", ""corn"", ""pumpkin"", ""carrots"", ""chicken fat"", ""chondroitin"", ""probiotics""]",manufacturer,"[""chicken"", ""beef"", ""grain""]",manufacturer,28.4,manufacturer,13.3,manufacturer,4.9,manufacturer,6.7,manufacturer,8.8,manufacturer,345.1,manufacturer,800g,manufacturer,manufacturer,31.21,manufacturer,premium,manufacturer,0.95,manufacturer,0.95,manufacturer,production,2025-09-10T20:58:34.309986,True
bozita_010,Bozita,bozita,Bozita Product 10,https://www.bozita.com/product/10,wet,adult,"beef, turkey, rice, corn, spinach, peas, flaxseed oil, chondroitin, vitamins",38.72,catalog,manufacturer,manufacturer,manufacturer,"[""beef"", ""turkey"", ""rice"", ""corn"", ""spinach"", ""peas"", ""flaxseed oil"", ""chondroitin"", ""vitamins""]",manufacturer,"[""chicken"", ""beef"", ""grain""]",manufacturer,31.0,manufacturer,16.5,manufacturer,2.2,manufacturer,5.0,manufacturer,9.2,manufacturer,375.1,manufacturer,5kg,manufacturer,manufacturer,7.74,manufacturer,economy,manufacturer,0.95,manufacturer,0.95,manufacturer,production,2025-09-10T20:58:34.309986,True
bozita_011,Bozita,bozita,Bozita Product 11,https://www.bozita.com/product/11,dry,senior,"chicken meal, chicken, oats, rice, pumpkin, spinach, sunflower oil, vitamins, minerals",26.22,catalog,manufacturer,manufacturer,manufacturer,"[""chicken meal"", ""chicken"", ""oats"", ""rice"", ""pumpkin"", ""spinach"", ""sunflower oil"", ""vitamins"", ""minerals""]",manufacturer,"[""chicken""]",manufacturer,26.1,manufacturer,19.0,manufacturer,4.7,manufacturer,5.5,manufacturer,10.6,manufacturer,372.2,manufacturer,10kg,manufacturer,manufacturer,2.62,manufacturer,budget,manufacturer,0.95,manufacturer,0.95,manufacturer,production,2025-09-10T20:58:34.309986,True
bozita_012,Bozita,bozita,Bozita Product 12,https://www.bozita.com/product/12,dry,senior,"lamb meal, turkey, rice, oats, spinach, pumpkin, chicken fat, minerals, glucosamine",37.48,catalog,manufacturer,manufacturer,manufacturer,"[""lamb meal"", ""turkey"", ""rice"", ""oats"", ""spinach"", ""pumpkin"", ""chicken fat"", ""minerals"", ""glucosamine""]",manufacturer,"[""chicken"", ""lamb""]",manufacturer,28.4,manufacturer,12.1,manufacturer,4.8,manufacturer,8.9,manufacturer,8.8,manufacturer,331.8,manufacturer,800g,manufacturer,manufacturer,46.85,manufacturer,super_premium,manufacturer,0.95,manufacturer,0.95,manufacturer,production,2025-09-10T20:58:34.309986,True
bozita_013,Bozita,bozita,Bozita Product 13,https://www.bozita.com/product/13,dry,senior,"lamb meal, chicken meal, corn, barley, peas, sweet potato, chicken fat, minerals, vitamins",,catalog,manufacturer,manufacturer,manufacturer,"[""lamb meal"", ""chicken meal"", ""corn"", ""barley"", ""peas"", ""sweet potato"", ""chicken fat"", ""minerals"", ""vitamins""]",manufacturer,"[""chicken"", ""lamb"", ""grain""]",manufacturer,29.0,manufacturer,19.3,manufacturer,4.7,manufacturer,7.5,manufacturer,8.1,manufacturer,375.4,manufacturer,800g,manufacturer,,,,,,0.95,manufacturer,0.95,manufacturer,production,2025-09-10T20:58:34.309986,True
bozita_014,Bozita,bozita,Bozita Product 14,https://www.bozita.com/product/14,dry,all,"lamb meal, chicken, oats, wheat, sweet potato, carrots, sunflower oil, chondroitin, minerals",34.87,catalog,manufacturer,manufacturer,manufacturer,"[""lamb meal"", ""chicken"", ""oats"", ""wheat"", ""sweet potato"", ""carrots"", ""sunflower oil"", ""chondroitin"", ""minerals""]",manufacturer,"[""chicken"", ""lamb"", ""grain""]",manufacturer,31.1,manufacturer,19.0,manufacturer,4.8,manufacturer,6.6,manufacturer,9.2,manufacturer,372.9,manufacturer,15kg,manufacturer,manufacturer,2.32,manufacturer,budget,manufacturer,0.95,manufacturer,0.95,manufacturer,production,2025-09-10T20:58:34.309986,True
bozita_015,Bozita,bozita,Bozita Product 15,https://www.bozita.com/product/15,wet,adult,"salmon, turkey, wheat, rice, spinach, pumpkin, sunflower oil, probiotics, chondroitin",24.5,catalog,manufacturer,manufacturer,manufacturer,"[""salmon"", ""turkey"", ""wheat"", ""rice"", ""spinach"", ""pumpkin"", ""sunflower oil"", ""probiotics"", ""chondroitin""]",manufacturer,"[""chicken"", ""fish"", ""grain""]",manufacturer,23.7,manufacturer,8.3,manufacturer,2.9,manufacturer,9.0,manufacturer,10.2,manufacturer,314.1,manufacturer,400g,manufacturer,manufacturer,61.25,manufacturer,super_premium,manufacturer,0.95,manufacturer,0.95,manufacturer,production,2025-09-10T20:58:34.309986,True
bozita_016,Bozita,bozita,Bozita Product 16,https://www.bozita.com/product/16,semi-moist,puppy,"salmon, chicken meal, barley, wheat, spinach, peas, salmon oil, glucosamine, probiotics",23.81,catalog,manufacturer,manufacturer,manufacturer,"[""salmon"", ""chicken meal"", ""barley"", ""wheat"", ""spinach"", ""peas"", ""salmon oil"", ""glucosamine"", ""probiotics""]",manufacturer,"[""chicken"", ""fish"", ""grain""]",manufacturer,18.6,manufacturer,12.7,manufacturer,4.2,manufacturer,6.9,manufacturer,11.2,manufacturer,335.5,manufacturer,15kg,manufacturer,manufacturer,1.59,manufacturer,budget,manufacturer,0.95,manufacturer,0.95,manufacturer,production,2025-09-10T20:58:34.309986,True
bozita_017,Bozita,bozita,Bozita Product 17,https://www.bozita.com/product/17,wet,senior,"chicken meal, turkey, wheat, oats, pumpkin, spinach, flaxseed oil, glucosamine, chondroitin",29.46,catalog,manufacturer,manufacturer,manufacturer,"[""chicken meal"", ""turkey"", ""wheat"", ""oats"", ""pumpkin"", ""spinach"", ""flaxseed oil"", ""glucosamine"", ""chondroitin""]",manufacturer,"[""chicken"", ""grain""]",manufacturer,20.2,manufacturer,12.0,manufacturer,3.2,manufacturer,5.0,manufacturer,8.6,manufacturer,351.2,manufacturer,5kg,manufacturer,manufacturer,5.89,manufacturer,economy,manufacturer,0.95,manufacturer,0.95,manufacturer,production,2025-09-10T20:58:34.309986,True
bozita_018,Bozita,bozita,Bozita Product 18,https://www.bozita.com/product/18,wet,adult,"chicken meal, turkey, barley, oats, spinach, pumpkin, salmon oil, probiotics, minerals",27.92,catalog,manufacturer,manufacturer,manufacturer,"[""chicken meal"", ""turkey"", ""barley"", ""oats"", ""spinach"", ""pumpkin"", ""salmon oil"", ""probiotics"", ""minerals""]",manufacturer,"[""chicken"", ""fish"", ""grain""]",manufacturer,26.5,manufacturer,18.1,manufacturer,4.9,manufacturer,8.7,manufacturer,8.9,manufacturer,361.8,manufacturer,400g,manufacturer,manufacturer,69.8,manufacturer,super_premium,manufacturer,0.95,manufacturer,0.95,manufacturer,production,2025-09-10T20:58:34.309986,True
bozita_019,Bozita,bozita,Bozita Product 19,https://www.bozita.com/product/19,dry,puppy,"chicken, chicken meal, barley, oats, peas, carrots, sunflower oil, chondroitin, probiotics",33.87,catalog,manufacturer,manufacturer,manufacturer,"[""chicken"", ""chicken meal"", ""barley"", ""oats"", ""peas"", ""carrots"", ""sunflower oil"", ""chondroitin"", ""probiotics""]",manufacturer,"[""chicken"", ""grain""]",manufacturer,31.2,manufacturer,12.5,manufacturer,6.0,manufacturer,7.1,manufacturer,10.2,manufacturer,330.9,manufacturer,1.5kg,manufacturer,manufacturer,22.58,manufacturer,premium,manufacturer,0.95,manufacturer,0.95,manufacturer,production,2025-09-10T20:58:34.309986,True
bozita_020,Bozita,bozita,Bozita Product 20,https://www.bozita.com/product/20,dry,adult,"turkey, chicken, corn, wheat, spinach, peas, sunflower oil, probiotics, glucosamine",,catalog,manufacturer,manufacturer,manufacturer,"[""turkey"", ""chicken"", ""corn"", ""wheat"", ""spinach"", ""peas"", ""sunflower oil"", ""probiotics"", ""glucosamine""]",manufacturer,"[""chicken"", ""grain""]",manufacturer,19.5,manufacturer,14.9,manufacturer,4.8,manufacturer,6.0,manufacturer,11.8,manufacturer,345.4,manufacturer,400g,manufacturer,,,,,,0.95,manufacturer,0.95,manufacturer,production,2025-09-10T20:58:34.309986,True
bozita_021,Bozita,bozita,Bozita Product 21,https://www.bozita.com/product/21,dry,senior,"lamb meal, chicken meal, wheat, oats, sweet potato, pumpkin, chicken fat, glucosamine, vitamins",28.94,catalog,manufacturer,manufacturer,manufacturer,"[""lamb meal"", ""chicken meal"", ""wheat"", ""oats"", ""sweet potato"", ""pumpkin"", ""chicken fat"", ""glucosamine"", ""vitamins""]",manufacturer,"[""chicken"", ""lamb"", ""grain""]",manufacturer,24.7,manufacturer,8.2,manufacturer,2.5,manufacturer,8.7,manufacturer,10.6,manufacturer,314.7,manufacturer,400g,manufacturer,manufacturer,72.35,manufacturer,super_premium,manufacturer,0.95,manufacturer,0.95,manufacturer,production,2025-09-10T20:58:34.309986,True
bozita_022,Bozita,bozita,Bozita Product 22,https://www.bozita.com/product/22,dry,adult,"chicken, chicken meal, corn, wheat, sweet potato, carrots, flaxseed oil, chondroitin, vitamins",29.77,catalog,manufacturer,manufacturer,manufacturer,"[""chicken"", ""chicken meal"", ""corn"", ""wheat"", ""sweet potato"", ""carrots"", ""flaxseed oil"", ""chondroitin"", ""vitamins""]",manufacturer,"[""chicken"", ""grain""]",manufacturer,31.7,manufacturer,9.4,manufacturer,2.1,manufacturer,6.3,manufacturer,10.1,manufacturer,332.2,manufacturer,10kg,manufacturer,manufacturer,2.98,manufacturer,budget,manufacturer,0.95,manufacturer,0.95,manufacturer,production,2025-09-10T20:58:34.309986,True
bozita_023,Bozita,bozita,Bozita Product 23,https://www.bozita.com/product/23,dry,adult,"beef, lamb meal, wheat, barley, carrots, peas, salmon oil, vitamins, glucosamine",39.96,catalog,manufacturer,manufacturer,manufacturer,"[""beef"", ""lamb meal"", ""wheat"", ""barley"", ""carrots"", ""peas"", ""salmon oil"", ""vitamins"", ""glucosamine""]",manufacturer,"[""beef"", ""lamb"", ""fish"", ""grain""]",manufacturer,23.1,manufacturer,17.7,manufacturer,6.0,manufacturer,8.1,manufacturer,11.8,manufacturer,347.9,manufacturer,2kg,manufacturer,manufacturer,19.98,manufacturer,mid,manufacturer,0.95,manufacturer,0.95,manufacturer,production,2025-09-10T20:58:34.309986,True
bozita_024,Bozita,bozita,Bozita Product 24,https://www.bozita.com/product/24,dry,all,"turkey, salmon, oats, corn, pumpkin, peas, sunflower oil, minerals, vitamins",,catalog,manufacturer,manufacturer,manufacturer,"[""turkey"", ""salmon"", ""oats"", ""corn"", ""pumpkin"", ""peas"", ""sunflower oil"", ""minerals"", ""vitamins""]",manufacturer,"[""chicken"", ""fish"", ""grain""]",manufacturer,30.2,manufacturer,15.2,manufacturer,4.5,manufacturer,6.2,manufacturer,11.7,manufacturer,347.6,manufacturer,800g,manufacturer,,,,,,0.95,manufacturer,0.95,manufacturer,production,2025-09-10T20:58:34.309986,True
bozita_025,Bozita,bozita,Bozita Product 25,https://www.bozita.com/product/25,wet,puppy,"beef, chicken meal, corn, rice, pumpkin, carrots, chicken fat, minerals, probiotics",29.49,catalog,manufacturer,manufacturer,manufacturer,"[""beef"", ""chicken meal"", ""corn"", ""rice"", ""pumpkin"", ""carrots"", ""chicken fat"", ""minerals"", ""probiotics""]",manufacturer,"[""chicken"", ""beef"", ""grain""]",manufacturer,,,,,,,,,,,,,400g,manufacturer,manufacturer,73.72,manufacturer,super_premium,manufacturer,0.95,manufacturer,0.95,manufacturer,production,2025-09-10T20:58:34.309986,True
bozita_026,Bozita,bozita,Bozita Product 26,https://www.bozita.com/product/26,wet,adult,"turkey, chicken, wheat, oats, sweet potato, peas, salmon oil, chondroitin, vitamins",24.32,catalog,manufacturer,manufacturer,manufacturer,"[""turkey"", ""chicken"", ""wheat"", ""oats"", ""sweet potato"", ""peas"", ""salmon oil"", ""chondroitin"", ""vitamins""]",manufacturer,"[""chicken"", ""fish"", ""grain""]",manufacturer,26.8,manufacturer,10.8,manufacturer,5.5,manufacturer,6.8,manufacturer,11.0,manufacturer,322.5,manufacturer,400g,manufacturer,manufacturer,60.8,manufacturer,super_premium,manufacturer,0.95,manufacturer,0.95,manufacturer,production,2025-09-10T20:58:34.309986,True
bozita_027,Bozita,bozita,Bozita Product 27,https://www.bozita.com/product/27,wet,puppy,"chicken meal, chicken, corn, oats, pumpkin, sweet potato, sunflower oil, glucosamine, vitamins",29.31,catalog,manufacturer,manufacturer,manufacturer,"[""chicken meal"", ""chicken"", ""corn"", ""oats"", ""pumpkin"", ""sweet potato"", ""sunflower oil"", ""glucosamine"", ""vitamins""]",manufacturer,"[""chicken"", ""grain""]",manufacturer,23.5,manufacturer,13.1,manufacturer,4.4,manufacturer,8.5,manufacturer,12.0,manufacturer,328.4,manufacturer,800g,manufacturer,manufacturer,36.64,manufacturer,premium,manufacturer,0.95,manufacturer,0.95,manufacturer,production,2025-09-10T20:58:34.309986,True
bozita_028,Bozita,bozita,Bozita Product 28,https://www.bozita.com/product/28,dry,all,"salmon, lamb meal, oats, wheat, peas, pumpkin, chicken fat, vitamins, glucosamine",,catalog,manufacturer,manufacturer,manufacturer,"[""salmon"", ""lamb meal"", ""oats"", ""wheat"", ""peas"", ""pumpkin"", ""chicken fat"", ""vitamins"", ""glucosamine""]",manufacturer,"[""chicken"", ""lamb"", ""fish"", ""grain""]",manufacturer,29.6,manufacturer,8.5,manufacturer,3.8,manufacturer,7.6,manufacturer,8.4,manufacturer,323.2,manufacturer,1.5kg,manufacturer,,,,,,0.95,manufacturer,0.95,manufacturer,production,2025-09-10T20:58:34.309986,True
bozita_029,Bozita,bozita,Bozita Product 29,https://www.bozita.com/product/29,dry,adult,"salmon, turkey, rice, wheat, spinach, pumpkin, sunflower oil, probiotics, chondroitin",27.07,catalog,manufacturer,manufacturer,manufacturer,"[""salmon"", ""turkey"", ""rice"", ""wheat"", ""spinach"", ""pumpkin"", ""sunflower oil"", ""probiotics"", ""chondroitin""]",manufacturer,"[""chicken"", ""fish"", ""grain""]",manufacturer,18.3,manufacturer,18.1,manufacturer,3.3,manufacturer,7.5,manufacturer,9.2,manufacturer,370.5,manufacturer,5kg,manufacturer,manufacturer,5.41,manufacturer,economy,manufacturer,0.95,manufacturer,0.95,manufacturer,production,2025-09-10T20:58:34.309986,True
bozita_030,Bozita,bozita,Bozita Product 30,https://www.bozita.com/product/30,semi-moist,senior,"chicken, lamb meal, oats, barley, spinach, carrots, flaxseed oil, minerals, vitamins",33.58,catalog,manufacturer,manufacturer,manufacturer,"[""chicken"", ""lamb meal"", ""oats"", ""barley"", ""spinach"", ""carrots"", ""flaxseed oil"", ""minerals"", ""vitamins""]",manufacturer,"[""chicken"", ""lamb"", ""grain""]",manufacturer,19.4,manufacturer,15.2,manufacturer,4.1,manufacturer,5.1,manufacturer,9.0,manufacturer,362.3,manufacturer,2kg,manufacturer,manufacturer,16.79,manufacturer,mid,manufacturer,0.95,manufacturer,0.95,manufacturer,production,2025-09-10T20:58:34.309986,True
bozita_031,Bozita,bozita,Bozita Product 31,https://www.bozita.com/product/31,dry,puppy,"lamb meal, chicken, wheat, oats, pumpkin, spinach, sunflower oil, minerals, vitamins",36.86,catalog,manufacturer,manufacturer,manufacturer,"[""lamb meal"", ""chicken"", ""wheat"", ""oats"", ""pumpkin"", ""spinach"", ""sunflower oil"", ""minerals"", ""vitamins""]",manufacturer,"[""chicken"", ""lamb"", ""grain""]",manufacturer,23.4,manufacturer,10.7,manufacturer,5.5,manufacturer,5.9,manufacturer,10.7,manufacturer,326.1,manufacturer,5kg,manufacturer,manufacturer,7.37,manufacturer,economy,manufacturer,0.95,manufacturer,0.95,manufacturer,production,2025-09-10T20:58:34.309986,True
bozita_032,Bozita,bozita,Bozita Product 32,https://www.bozita.com/product/32,dry,adult,"chicken, salmon, wheat, corn, spinach, sweet potato, sunflower oil, chondroitin, minerals",39.3,catalog,manufacturer,manufacturer,manufacturer,"[""chicken"", ""salmon"", ""wheat"", ""corn"", ""spinach"", ""sweet potato"", ""sunflower oil"", ""chondroitin"", ""minerals""]",manufacturer,"[""chicken"", ""fish"", ""grain""]",manufacturer,29.0,manufacturer,19.9,manufacturer,5.2,manufacturer,9.0,manufacturer,8.4,manufacturer,370.4,manufacturer,1.5kg,manufacturer,manufacturer,26.2,manufacturer,premium,manufacturer,0.95,manufacturer,0.95,manufacturer,production,2025-09-10T20:58:34.309986,True
bozita_033,Bozita,bozita,Bozita Product 33,https://www.bozita.com/product/33,dry,,"turkey, chicken meal, barley, rice, sweet potato, pumpkin, flaxseed oil, chondroitin, glucosamine",21.89,catalog,manufacturer,,manufacturer,"[""turkey"", ""chicken meal"", ""barley"", ""rice"", ""sweet potato"", ""pumpkin"", ""flaxseed oil"", ""chondroitin"", ""glucosamine""]",manufacturer,"[""chicken"", ""grain""]",manufacturer,24.0,manufacturer,11.0,manufacturer,5.1,manufacturer,7.9,manufacturer,11.8,manufacturer,318.2,manufacturer,5kg,manufacturer,manufacturer,4.38,manufacturer,budget,manufacturer,0.95,manufacturer,0.0,manufacturer,production,2025-09-10T20:58:34.309986,True
bozita_034,Bozita,bozita,Bozita Product 34,https://www.bozita.com/product/34,dry,all,"beef, lamb meal, barley, oats, peas, pumpkin, chicken fat, chondroitin, glucosamine",31.85,catalog,manufacturer,manufacturer,manufacturer,"[""beef"", ""lamb meal"", ""barley"", ""oats"", ""peas"", ""pumpkin"", ""chicken fat"", ""chondroitin"", ""glucosamine""]",manufacturer,"[""chicken"", ""beef"", ""lamb"", ""grain""]",manufacturer,27.3,manufacturer,12.2,manufacturer,2.9,manufacturer,6.8,manufacturer,11.7,manufacturer,336.1,manufacturer,10kg,manufacturer,manufacturer,3.19,manufacturer,budget,manufacturer,0.95,manufacturer,0.95,manufacturer,production,2025-09-10T20:58:34.309986,True
belcando_001,Belcando,belcando,Belcando Product 1,https://www.belcando.com/product/1,,,,,catalog,,,,,,,,,,,,,,,,,,,,,,,,,,,,,,,catalog_only,2025-09-10T20:58:34.309986,False
belcando_002,Belcando,belcando,Belcando Product 2,https://www.belcando.com/product/2,,,,,catalog,,,,,,,,,,,,,,,,,,,,,,,,,,,,,,,catalog_only,2025-09-10T20:58:34.309986,False
belcando_003,Belcando,belcando,Belcando Product 3,https://www.belcando.com/product/3,,,,,catalog,,,,,,,,,,,,,,,,,,,,,,,,,,,,,,,catalog_only,2025-09-10T20:58:34.309986,False
belcando_004,Belcando,belcando,Belcando Product 4,https://www.belcando.com/product/4,,,,,catalog,,,,,,,,,,,,,,,,,,,,,,,,,,,,,,,catalog_only,2025-09-10T20:58:34.309986,False
belcando_005,Belcando,belcando,Belcando Product 5,https://www.belcando.com/product/5,,,,,catalog,,,,,,,,,,,,,,,,,,,,,,,,,,,,,,,catalog_only,2025-09-10T20:58:34.309986,False
belcando_006,Belcando,belcando,Belcando Product 6,https://www.belcando.com/product/6,,,,,catalog,,,,,,,,,,,,,,,,,,,,,,,,,,,,,,,catalog_only,2025-09-10T20:58:34.309986,False
belcando_007,Belcando,belcando,Belcando Product 7,https://www.belcando.com/product/7,,,,,catalog,,,,,,,,,,,,,,,,,,,,,,,,,,,,,,,catalog_only,2025-09-10T20:58:34.309986,False
belcando_008,Belcando,belcando,Belcando Product 8,https://www.belcando.com/product/8,,,,,catalog,,,,,,,,,,,,,,,,,,,,,,,,,,,,,,,catalog_only,2025-09-10T20:58:34.309986,False
belcando_009,Belcando,belcando,Belcando Product 9,https://www.belcando.com/product/9,,,,,catalog,,,,,,,,,,,,,,,,,,,,,,,,,,,,,,,catalog_only,2025-09-10T20:58:34.309986,False
belcando_010,Belcando,belcando,Belcando Product 10,https://www.belcando.com/product/10,,,,,catalog,,,,,,,,,,,,,,,,,,,,,,,,,,,,,,,catalog_only,2025-09-10T20:58:34.309986,False
belcando_011,Belcando,belcando,Belcando Product 11,https://www.belcando.com/product/11,,,,,catalog,,,,,,,,,,,,,,,,,,,,,,,,,,,,,,,catalog_only,2025-09-10T20:58:34.309986,False
belcando_012,Belcando,belcando,Belcando Product 12,https://www.belcando.com/product/12,,,,,catalog,,,,,,,,,,,,,,,,,,,,,,,,,,,,,,,catalog_only,2025-09-10T20:58:34.309986,False
belcando_013,Belcando,belcando,Belcando Product 13,https://www.belcando.com/product/13,,,,,catalog,,,,,,,,,,,,,,,,,,,,,,,,,,,,,,,catalog_only,2025-09-10T20:58:34.309986,False
belcando_014,Belcando,belcando,Belcando Product 14,https://www.belcando.com/product/14,,,,,catalog,,,,,,,,,,,,,,,,,,,,,,,,,,,,,,,catalog_only,2025-09-10T20:58:34.309986,False
belcando_015,Belcando,belcando,Belcando Product 15,https://www.belcando.com/product/15,,,,,catalog,,,,,,,,,,,,,,,,,,,,,,,,,,,,,,,catalog_only,2025-09-10T20:58:34.309986,False
belcando_016,Belcando,belcando,Belcando Product 16,https://www.belcando.com/product/16,,,,,catalog,,,,,,,,,,,,,,,,,,,,,,,,,,,,,,,catalog_only,2025-09-10T20:58:34.309986,False
belcando_017,Belcando,belcando,Belcando Product 17,https://www.belcando.com/product/17,,,,,catalog,,,,,,,,,,,,,,,,,,,,,,,,,,,,,,,catalog_only,2025-09-10T20:58:34.309986,False
belcando_018,Belcando,belcando,Belcando Product 18,https://www.belcando.com/product/18,,,,,catalog,,,,,,,,,,,,,,,,,,,,,,,,,,,,,,,catalog_only,2025-09-10T20:58:34.309986,False
belcando_019,Belcando,belcando,Belcando Product 19,https://www.belcando.com/product/19,,,,,catalog,,,,,,,,,,,,,,,,,,,,,,,,,,,,,,,catalog_only,2025-09-10T20:58:34.309986,False
belcando_020,Belcando,belcando,Belcando Product 20,https://www.belcando.com/product/20,,,,,catalog,,,,,,,,,,,,,,,,,,,,,,,,,,,,,,,catalog_only,2025-09-10T20:58:34.309986,False
belcando_021,Belcando,belcando,Belcando Product 21,https://www.belcando.com/product/21,,,,,catalog,,,,,,,,,,,,,,,,,,,,,,,,,,,,,,,catalog_only,2025-09-10T20:58:34.309986,False
belcando_022,Belcando,belcando,Belcando Product 22,https://www.belcando.com/product/22,,,,,catalog,,,,,,,,,,,,,,,,,,,,,,,,,,,,,,,catalog_only,2025-09-10T20:58:34.309986,False
belcando_023,Belcando,belcando,Belcando Product 23,https://www.belcando.com/product/23,,,,,catalog,,,,,,,,,,,,,,,,,,,,,,,,,,,,,,,catalog_only,2025-09-10T20:58:34.309986,False
belcando_024,Belcando,belcando,Belcando Product 24,https://www.belcando.com/product/24,,,,,catalog,,,,,,,,,,,,,,,,,,,,,,,,,,,,,,,catalog_only,2025-09-10T20:58:34.309986,False
belcando_025,Belcando,belcando,Belcando Product 25,https://www.belcando.com/product/25,,,,,catalog,,,,,,,,,,,,,,,,,,,,,,,,,,,,,,,catalog_only,2025-09-10T20:58:34.309986,False
belcando_026,Belcando,belcando,Belcando Product 26,https://www.belcando.com/product/26,,,,,catalog,,,,,,,,,,,,,,,,,,,,,,,,,,,,,,,catalog_only,2025-09-10T20:58:34.309986,False
belcando_027,Belcando,belcando,Belcando Product 27,https://www.belcando.com/product/27,,,,,catalog,,,,,,,,,,,,,,,,,,,,,,,,,,,,,,,catalog_only,2025-09-10T20:58:34.309986,False
belcando_028,Belcando,belcando,Belcando Product 28,https://www.belcando.com/product/28,,,,,catalog,,,,,,,,,,,,,,,,,,,,,,,,,,,,,,,catalog_only,2025-09-10T20:58:34.309986,False
belcando_029,Belcando,belcando,Belcando Product 29,https://www.belcando.com/product/29,,,,,catalog,,,,,,,,,,,,,,,,,,,,,,,,,,,,,,,catalog_only,2025-09-10T20:58:34.309986,False
belcando_030,Belcando,belcando,Belcando Product 30,https://www.belcando.com/product/30,,,,,catalog,,,,,,,,,,,,,,,,,,,,,,,,,,,,,,,catalog_only,2025-09-10T20:58:34.309986,False
belcando_031,Belcando,belcando,Belcando Product 31,https://www.belcando.com/product/31,,,,,catalog,,,,,,,,,,,,,,,,,,,,,,,,,,,,,,,catalog_only,2025-09-10T20:58:34.309986,False
belcando_032,Belcando,belcando,Belcando Product 32,https://www.belcando.com/product/32,,,,,catalog,,,,,,,,,,,,,,,,,,,,,,,,,,,,,,,catalog_only,2025-09-10T20:58:34.309986,False
belcando_033,Belcando,belcando,Belcando Product 33,https://www.belcando.com/product/33,,,,,catalog,,,,,,,,,,,,,,,,,,,,,,,,,,,,,,,catalog_only,2025-09-10T20:58:34.309986,False
belcando_034,Belcando,belcando,Belcando Product 34,https://www.belcando.com/product/34,,,,,catalog,,,,,,,,,,,,,,,,,,,,,,,,,,,,,,,catalog_only,2025-09-10T20:58:34.309986,False
other_brand_001,Other_Brand,other_brand,Other_Brand Product 1,https://www.other_brand.com/product/1,,,,,catalog,,,,,,,,,,,,,,,,,,,,,,,,,,,,,,,catalog_only,2025-09-10T20:58:34.309986,False
other_brand_002,Other_Brand,other_brand,Other_Brand Product 2,https://www.other_brand.com/product/2,,,,,catalog,,,,,,,,,,,,,,,,,,,,,,,,,,,,,,,catalog_only,2025-09-10T20:58:34.309986,False
other_brand_003,Other_Brand,other_brand,Other_Brand Product 3,https://www.other_brand.com/product/3,,,,,catalog,,,,,,,,,,,,,,,,,,,,,,,,,,,,,,,catalog_only,2025-09-10T20:58:34.309986,False
other_brand_004,Other_Brand,other_brand,Other_Brand Product 4,https://www.other_brand.com/product/4,,,,,catalog,,,,,,,,,,,,,,,,,,,,,,,,,,,,,,,catalog_only,2025-09-10T20:58:34.309986,False
other_brand_005,Other_Brand,other_brand,Other_Brand Product 5,https://www.other_brand.com/product/5,,,,,catalog,,,,,,,,,,,,,,,,,,,,,,,,,,,,,,,catalog_only,2025-09-10T20:58:34.309986,False
other_brand_006,Other_Brand,other_brand,Other_Brand Product 6,https://www.other_brand.com/product/6,,,,,catalog,,,,,,,,,,,,,,,,,,,,,,,,,,,,,,,catalog_only,2025-09-10T20:58:34.309986,False
other_brand_007,Other_Brand,other_brand,Other_Brand Product 7,https://www.other_brand.com/product/7,,,,,catalog,,,,,,,,,,,,,,,,,,,,,,,,,,,,,,,catalog_only,2025-09-10T20:58:34.309986,False
other_brand_008,Other_Brand,other_brand,Other_Brand Product 8,https://www.other_brand.com/product/8,,,,,catalog,,,,,,,,,,,,,,,,,,,,,,,,,,,,,,,catalog_only,2025-09-10T20:58:34.309986,False
other_brand_009,Other_Brand,other_brand,Other_Brand Product 9,https://www.other_brand.com/product/9,,,,,catalog,,,,,,,,,,,,,,,,,,,,,,,,,,,,,,,catalog_only,2025-09-10T20:58:34.309986,False
other_brand_010,Other_Brand,other_brand,Other_Brand Product 10,https://www.other_brand.com/product/10,,,,,catalog,,,,,,,,,,,,,,,,,,,,,,,,,,,,,,,catalog_only,2025-09-10T20:58:34.309986,False
other_brand_011,Other_Brand,other_brand,Other_Brand Product 11,https://www.other_brand.com/product/11,,,,,catalog,,,,,,,,,,,,,,,,,,,,,,,,,,,,,,,catalog_only,2025-09-10T20:58:34.309986,False
other_brand_012,Other_Brand,other_brand,Other_Brand Product 12,https://www.other_brand.com/product/12,,,,,catalog,,,,,,,,,,,,,,,,,,,,,,,,,,,,,,,catalog_only,2025-09-10T20:58:34.309986,False
other_brand_013,Other_Brand,other_brand,Other_Brand Product 13,https://www.other_brand.com/product/13,,,,,catalog,,,,,,,,,,,,,,,,,,,,,,,,,,,,,,,catalog_only,2025-09-10T20:58:34.309986,False
other_brand_014,Other_Brand,other_brand,Other_Brand Product 14,https://www.other_brand.com/product/14,,,,,catalog,,,,,,,,,,,,,,,,,,,,,,,,,,,,,,,catalog_only,2025-09-10T20:58:34.309986,False
other_brand_015,Other_Brand,other_brand,Other_Brand Product 15,https://www.other_brand.com/product/15,,,,,catalog,,,,,,,,,,,,,,,,,,,,,,,,,,,,,,,catalog_only,2025-09-10T20:58:34.309986,False
other_brand_016,Other_Brand,other_brand,Other_Brand Product 16,https://www.other_brand.com/product/16,,,,,catalog,,,,,,,,,,,,,,,,,,,,,,,,,,,,,,,catalog_only,2025-09-10T20:58:34.309986,False
other_brand_017,Other_Brand,other_brand,Other_Brand Product 17,https://www.other_brand.com/product/17,,,,,catalog,,,,,,,,,,,,,,,,,,,,,,,,,,,,,,,catalog_only,2025-09-10T20:58:34.309986,False
other_brand_018,Other_Brand,other_brand,Other_Brand Product 18,https://www.other_brand.com/product/18,,,,,catalog,,,,,,,,,,,,,,,,,,,,,,,,,,,,,,,catalog_only,2025-09-10T20:58:34.309986,False
other_brand_019,Other_Brand,other_brand,Other_Brand Product 19,https://www.other_brand.com/product/19,,,,,catalog,,,,,,,,,,,,,,,,,,,,,,,,,,,,,,,catalog_only,2025-09-10T20:58:34.309986,False
other_brand_020,Other_Brand,other_brand,Other_Brand Product 20,https://www.other_brand.com/product/20,,,,,catalog,,,,,,,,,,,,,,,,,,,,,,,,,,,,,,,catalog_only,2025-09-10T20:58:34.309986,False
other_brand_021,Other_Brand,other_brand,Other_Brand Product 21,https://www.other_brand.com/product/21,,,,,catalog,,,,,,,,,,,,,,,,,,,,,,,,,,,,,,,catalog_only,2025-09-10T20:58:34.309986,False
other_brand_022,Other_Brand,other_brand,Other_Brand Product 22,https://www.other_brand.com/product/22,,,,,catalog,,,,,,,,,,,,,,,,,,,,,,,,,,,,,,,catalog_only,2025-09-10T20:58:34.309986,False
other_brand_023,Other_Brand,other_brand,Other_Brand Product 23,https://www.other_brand.com/product/23,,,,,catalog,,,,,,,,,,,,,,,,,,,,,,,,,,,,,,,catalog_only,2025-09-10T20:58:34.309986,False
other_brand_024,Other_Brand,other_brand,Other_Brand Product 24,https://www.other_brand.com/product/24,,,,,catalog,,,,,,,,,,,,,,,,,,,,,,,,,,,,,,,catalog_only,2025-09-10T20:58:34.309986,False
other_brand_025,Other_Brand,other_brand,Other_Brand Product 25,https://www.other_brand.com/product/25,,,,,catalog,,,,,,,,,,,,,,,,,,,,,,,,,,,,,,,catalog_only,2025-09-10T20:58:34.309986,False
other_brand_026,Other_Brand,other_brand,Other_Brand Product 26,https://www.other_brand.com/product/26,,,,,catalog,,,,,,,,,,,,,,,,,,,,,,,,,,,,,,,catalog_only,2025-09-10T20:58:34.309986,False
other_brand_027,Other_Brand,other_brand,Other_Brand Product 27,https://www.other_brand.com/product/27,,,,,catalog,,,,,,,,,,,,,,,,,,,,,,,,,,,,,,,catalog_only,2025-09-10T20:58:34.309986,False
other_brand_028,Other_Brand,other_brand,Other_Brand Product 28,https://www.other_brand.com/product/28,,,,,catalog,,,,,,,,,,,,,,,,,,,,,,,,,,,,,,,catalog_only,2025-09-10T20:58:34.309986,False
other_brand_029,Other_Brand,other_brand,Other_Brand Product 29,https://www.other_brand.com/product/29,,,,,catalog,,,,,,,,,,,,,,,,,,,,,,,,,,,,,,,catalog_only,2025-09-10T20:58:34.309986,False
other_brand_030,Other_Brand,other_brand,Other_Brand Product 30,https://www.other_brand.com/product/30,,,,,catalog,,,,,,,,,,,,,,,,,,,,,,,,,,,,,,,catalog_only,2025-09-10T20:58:34.309986,False
other_brand_031,Other_Brand,other_brand,Other_Brand Product 31,https://www.other_brand.com/product/31,,,,,catalog,,,,,,,,,,,,,,,,,,,,,,,,,,,,,,,catalog_only,2025-09-10T20:58:34.309986,False
other_brand_032,Other_Brand,other_brand,Other_Brand Product 32,https://www.other_brand.com/product/32,,,,,catalog,,,,,,,,,,,,,,,,,,,,,,,,,,,,,,,catalog_only,2025-09-10T20:58:34.309986,False
other_brand_033,Other_Brand,other_brand,Other_Brand Product 33,https://www.other_brand.com/product/33,,,,,catalog,,,,,,,,,,,,,,,,,,,,,,,,,,,,,,,catalog_only,2025-09-10T20:58:34.309986,False
other_brand_034,Other_Brand,other_brand,Other_Brand Product 34,https://www.other_brand.com/product/34,,,,,catalog,,,,,,,,,,,,,,,,,,,,,,,,,,,,,,,catalog_only,2025-09-10T20:58:34.309986,False
other_brand_035,Other_Brand,other_brand,Other_Brand Product 35,https://www.other_brand.com/product/35,,,,,catalog,,,,,,,,,,,,,,,,,,,,,,,,,,,,,,,catalog_only,2025-09-10T20:58:34.309986,False
other_brand_036,Other_Brand,other_brand,Other_Brand Product 36,https://www.other_brand.com/product/36,,,,,catalog,,,,,,,,,,,,,,,,,,,,,,,,,,,,,,,catalog_only,2025-09-10T20:58:34.309986,False
other_brand_037,Other_Brand,other_brand,Other_Brand Product 37,https://www.other_brand.com/product/37,,,,,catalog,,,,,,,,,,,,,,,,,,,,,,,,,,,,,,,catalog_only,2025-09-10T20:58:34.309986,False
other_brand_038,Other_Brand,other_brand,Other_Brand Product 38,https://www.other_brand.com/product/38,,,,,catalog,,,,,,,,,,,,,,,,,,,,,,,,,,,,,,,catalog_only,2025-09-10T20:58:34.309986,False
other_brand_039,Other_Brand,other_brand,Other_Brand Product 39,https://www.other_brand.com/product/39,,,,,catalog,,,,,,,,,,,,,,,,,,,,,,,,,,,,,,,catalog_only,2025-09-10T20:58:34.309986,False
other_brand_040,Other_Brand,other_brand,Other_Brand Product 40,https://www.other_brand.com/product/40,,,,,catalog,,,,,,,,,,,,,,,,,,,,,,,,,,,,,,,catalog_only,2025-09-10T20:58:34.309986,False
other_brand_041,Other_Brand,other_brand,Other_Brand Product 41,https://www.other_brand.com/product/41,,,,,catalog,,,,,,,,,,,,,,,,,,,,,,,,,,,,,,,catalog_only,2025-09-10T20:58:34.309986,False
other_brand_042,Other_Brand,other_brand,Other_Brand Product 42,https://www.other_brand.com/product/42,,,,,catalog,,,,,,,,,,,,,,,,,,,,,,,,,,,,,,,catalog_only,2025-09-10T20:58:34.309986,False
other_brand_043,Other_Brand,other_brand,Other_Brand Product 43,https://www.other_brand.com/product/43,,,,,catalog,,,,,,,,,,,,,,,,,,,,,,,,,,,,,,,catalog_only,2025-09-10T20:58:34.309986,False
other_brand_044,Other_Brand,other_brand,Other_Brand Product 44,https://www.other_brand.com/product/44,,,,,catalog,,,,,,,,,,,,,,,,,,,,,,,,,,,,,,,catalog_only,2025-09-10T20:58:34.309986,False
other_brand_045,Other_Brand,other_brand,Other_Brand Product 45,https://www.other_brand.com/product/45,,,,,catalog,,,,,,,,,,,,,,,,,,,,,,,,,,,,,,,catalog_only,2025-09-10T20:58:34.309986,False
other_brand_046,Other_Brand,other_brand,Other_Brand Product 46,https://www.other_brand.com/product/46,,,,,catalog,,,,,,,,,,,,,,,,,,,,,,,,,,,,,,,catalog_only,2025-09-10T20:58:34.309986,False
other_brand_047,Other_Brand,other_brand,Other_Brand Product 47,https://www.other_brand.com/product/47,,,,,catalog,,,,,,,,,,,,,,,,,,,,,,,,,,,,,,,catalog_only,2025-09-10T20:58:34.309986,False
other_brand_048,Other_Brand,other_brand,Other_Brand Product 48,https://www.other_brand.com/product/48,,,,,catalog,,,,,,,,,,,,,,,,,,,,,,,,,,,,,,,catalog_only,2025-09-10T20:58:34.309986,False
other_brand_049,Other_Brand,other_brand,Other_Brand Product 49,https://www.other_brand.com/product/49,,,,,catalog,,,,,,,,,,,,,,,,,,,,,,,,,,,,,,,catalog_only,2025-09-10T20:58:34.309986,False
other_brand_050,Other_Brand,other_brand,Other_Brand Product 50,https://www.other_brand.com/product/50,,,,,catalog,,,,,,,,,,,,,,,,,,,,,,,,,,,,,,,catalog_only,2025-09-10T20:58:34.309986,False
other_brand_051,Other_Brand,other_brand,Other_Brand Product 51,https://www.other_brand.com/product/51,,,,,catalog,,,,,,,,,,,,,,,,,,,,,,,,,,,,,,,catalog_only,2025-09-10T20:58:34.309986,False
other_brand_052,Other_Brand,other_brand,Other_Brand Product 52,https://www.other_brand.com/product/52,,,,,catalog,,,,,,,,,,,,,,,,,,,,,,,,,,,,,,,catalog_only,2025-09-10T20:58:34.309986,False
other_brand_053,Other_Brand,other_brand,Other_Brand Product 53,https://www.other_brand.com/product/53,,,,,catalog,,,,,,,,,,,,,,,,,,,,,,,,,,,,,,,catalog_only,2025-09-10T20:58:34.309986,False
other_brand_054,Other_Brand,other_brand,Other_Brand Product 54,https://www.other_brand.com/product/54,,,,,catalog,,,,,,,,,,,,,,,,,,,,,,,,,,,,,,,catalog_only,2025-09-10T20:58:34.309986,False
other_brand_055,Other_Brand,other_brand,Other_Brand Product 55,https://www.other_brand.com/product/55,,,,,catalog,,,,,,,,,,,,,,,,,,,,,,,,,,,,,,,catalog_only,2025-09-10T20:58:34.309986,False
other_brand_056,Other_Brand,other_brand,Other_Brand Product 56,https://www.other_brand.com/product/56,,,,,catalog,,,,,,,,,,,,,,,,,,,,,,,,,,,,,,,catalog_only,2025-09-10T20:58:34.309986,False
other_brand_057,Other_Brand,other_brand,Other_Brand Product 57,https://www.other_brand.com/product/57,,,,,catalog,,,,,,,,,,,,,,,,,,,,,,,,,,,,,,,catalog_only,2025-09-10T20:58:34.309986,False
other_brand_058,Other_Brand,other_brand,Other_Brand Product 58,https://www.other_brand.com/product/58,,,,,catalog,,,,,,,,,,,,,,,,,,,,,,,,,,,,,,,catalog_only,2025-09-10T20:58:34.309986,False
other_brand_059,Other_Brand,other_brand,Other_Brand Product 59,https://www.other_brand.com/product/59,,,,,catalog,,,,,,,,,,,,,,,,,,,,,,,,,,,,,,,catalog_only,2025-09-10T20:58:34.309986,False
other_brand_060,Other_Brand,other_brand,Other_Brand Product 60,https://www.other_brand.com/product/60,,,,,catalog,,,,,,,,,,,,,,,,,,,,,,,,,,,,,,,catalog_only,2025-09-10T20:58:34.309986,False
other_brand_061,Other_Brand,other_brand,Other_Brand Product 61,https://www.other_brand.com/product/61,,,,,catalog,,,,,,,,,,,,,,,,,,,,,,,,,,,,,,,catalog_only,2025-09-10T20:58:34.309986,False
other_brand_062,Other_Brand,other_brand,Other_Brand Product 62,https://www.other_brand.com/product/62,,,,,catalog,,,,,,,,,,,,,,,,,,,,,,,,,,,,,,,catalog_only,2025-09-10T20:58:34.309986,False
other_brand_063,Other_Brand,other_brand,Other_Brand Product 63,https://www.other_brand.com/product/63,,,,,catalog,,,,,,,,,,,,,,,,,,,,,,,,,,,,,,,catalog_only,2025-09-10T20:58:34.309986,False
other_brand_064,Other_Brand,other_brand,Other_Brand Product 64,https://www.other_brand.com/product/64,,,,,catalog,,,,,,,,,,,,,,,,,,,,,,,,,,,,,,,catalog_only,2025-09-10T20:58:34.309986,False
other_brand_065,Other_Brand,other_brand,Other_Brand Product 65,https://www.other_brand.com/product/65,,,,,catalog,,,,,,,,,,,,,,,,,,,,,,,,,,,,,,,catalog_only,2025-09-10T20:58:34.309986,False
other_brand_066,Other_Brand,other_brand,Other_Brand Product 66,https://www.other_brand.com/product/66,,,,,catalog,,,,,,,,,,,,,,,,,,,,,,,,,,,,,,,catalog_only,2025-09-10T20:58:34.309986,False
other_brand_067,Other_Brand,other_brand,Other_Brand Product 67,https://www.other_brand.com/product/67,,,,,catalog,,,,,,,,,,,,,,,,,,,,,,,,,,,,,,,catalog_only,2025-09-10T20:58:34.309986,False
other_brand_068,Other_Brand,other_brand,Other_Brand Product 68,https://www.other_brand.com/product/68,,,,,catalog,,,,,,,,,,,,,,,,,,,,,,,,,,,,,,,catalog_only,2025-09-10T20:58:34.309986,False
other_brand_069,Other_Brand,other_brand,Other_Brand Product 69,https://www.other_brand.com/product/69,,,,,catalog,,,,,,,,,,,,,,,,,,,,,,,,,,,,,,,catalog_only,2025-09-10T20:58:34.309986,False
other_brand_070,Other_Brand,other_brand,Other_Brand Product 70,https://www.other_brand.com/product/70,,,,,catalog,,,,,,,,,,,,,,,,,,,,,,,,,,,,,,,catalog_only,2025-09-10T20:58:34.309986,False
other_brand_071,Other_Brand,other_brand,Other_Brand Product 71,https://www.other_brand.com/product/71,,,,,catalog,,,,,,,,,,,,,,,,,,,,,,,,,,,,,,,catalog_only,2025-09-10T20:58:34.309986,False
other_brand_072,Other_Brand,other_brand,Other_Brand Product 72,https://www.other_brand.com/product/72,,,,,catalog,,,,,,,,,,,,,,,,,,,,,,,,,,,,,,,catalog_only,2025-09-10T20:58:34.309986,False
other_brand_073,Other_Brand,other_brand,Other_Brand Product 73,https://www.other_brand.com/product/73,,,,,catalog,,,,,,,,,,,,,,,,,,,,,,,,,,,,,,,catalog_only,2025-09-10T20:58:34.309986,False
other_brand_074,Other_Brand,other_brand,Other_Brand Product 74,https://www.other_brand.com/product/74,,,,,catalog,,,,,,,,,,,,,,,,,,,,,,,,,,,,,,,catalog_only,2025-09-10T20:58:34.309986,False
other_brand_075,Other_Brand,other_brand,Other_Brand Product 75,https://www.other_brand.com/product/75,,,,,catalog,,,,,,,,,,,,,,,,,,,,,,,,,,,,,,,catalog_only,2025-09-10T20:58:34.309986,False
other_brand_076,Other_Brand,other_brand,Other_Brand Product 76,https://www.other_brand.com/product/76,,,,,catalog,,,,,,,,,,,,,,,,,,,,,,,,,,,,,,,catalog_only,2025-09-10T20:58:34.309986,False
other_brand_077,Other_Brand,other_brand,Other_Brand Product 77,https://www.other_brand.com/product/77,,,,,catalog,,,,,,,,,,,,,,,,,,,,,,,,,,,,,,,catalog_only,2025-09-10T20:58:34.309986,False
other_brand_078,Other_Brand,other_brand,Other_Brand Product 78,https://www.other_brand.com/product/78,,,,,catalog,,,,,,,,,,,,,,,,,,,,,,,,,,,,,,,catalog_only,2025-09-10T20:58:34.309986,False
other_brand_079,Other_Brand,other_brand,Other_Brand Product 79,https://www.other_brand.com/product/79,,,,,catalog,,,,,,,,,,,,,,,,,,,,,,,,,,,,,,,catalog_only,2025-09-10T20:58:34.309986,False
other_brand_080,Other_Brand,other_brand,Other_Brand Product 80,https://www.other_brand.com/product/80,,,,,catalog,,,,,,,,,,,,,,,,,,,,,,,,,,,,,,,catalog_only,2025-09-10T20:58:34.309986,False
other_brand_081,Other_Brand,other_brand,Other_Brand Product 81,https://www.other_brand.com/product/81,,,,,catalog,,,,,,,,,,,,,,,,,,,,,,,,,,,,,,,catalog_only,2025-09-10T20:58:34.309986,False
other_brand_082,Other_Brand,other_brand,Other_Brand Product 82,https://www.other_brand.com/product/82,,,,,catalog,,,,,,,,,,,,,,,,,,,,,,,,,,,,,,,catalog_only,2025-09-10T20:58:34.309986,False
other_brand_083,Other_Brand,other_brand,Other_Brand Product 83,https://www.other_brand.com/product/83,,,,,catalog,,,,,,,,,,,,,,,,,,,,,,,,,,,,,,,catalog_only,2025-09-10T20:58:34.309986,False
other_brand_084,Other_Brand,other_brand,Other_Brand Product 84,https://www.other_brand.com/product/84,,,,,catalog,,,,,,,,,,,,,,,,,,,,,,,,,,,,,,,catalog_only,2025-09-10T20:58:34.309986,False
other_brand_085,Other_Brand,other_brand,Other_Brand Product 85,https://www.other_brand.com/product/85,,,,,catalog,,,,,,,,,,,,,,,,,,,,,,,,,,,,,,,catalog_only,2025-09-10T20:58:34.309986,False
other_brand_086,Other_Brand,other_brand,Other_Brand Product 86,https://www.other_brand.com/product/86,,,,,catalog,,,,,,,,,,,,,,,,,,,,,,,,,,,,,,,catalog_only,2025-09-10T20:58:34.309986,False
other_brand_087,Other_Brand,other_brand,Other_Brand Product 87,https://www.other_brand.com/product/87,,,,,catalog,,,,,,,,,,,,,,,,,,,,,,,,,,,,,,,catalog_only,2025-09-10T20:58:34.309986,False
other_brand_088,Other_Brand,other_brand,Other_Brand Product 88,https://www.other_brand.com/product/88,,,,,catalog,,,,,,,,,,,,,,,,,,,,,,,,,,,,,,,catalog_only,2025-09-10T20:58:34.309986,False
other_brand_089,Other_Brand,other_brand,Other_Brand Product 89,https://www.other_brand.com/product/89,,,,,catalog,,,,,,,,,,,,,,,,,,,,,,,,,,,,,,,catalog_only,2025-09-10T20:58:34.309986,False
other_brand_090,Other_Brand,other_brand,Other_Brand Product 90,https://www.other_brand.com/product/90,,,,,catalog,,,,,,,,,,,,,,,,,,,,,,,,,,,,,,,catalog_only,2025-09-10T20:58:34.309986,False
other_brand_091,Other_Brand,other_brand,Other_Brand Product 91,https://www.other_brand.com/product/91,,,,,catalog,,,,,,,,,,,,,,,,,,,,,,,,,,,,,,,catalog_only,2025-09-10T20:58:34.309986,False
other_brand_092,Other_Brand,other_brand,Other_Brand Product 92,https://www.other_brand.com/product/92,,,,,catalog,,,,,,,,,,,,,,,,,,,,,,,,,,,,,,,catalog_only,2025-09-10T20:58:34.309986,False
other_brand_093,Other_Brand,other_brand,Other_Brand Product 93,https://www.other_brand.com/product/93,,,,,catalog,,,,,,,,,,,,,,,,,,,,,,,,,,,,,,,catalog_only,2025-09-10T20:58:34.309986,False
other_brand_094,Other_Brand,other_brand,Other_Brand Product 94,https://www.other_brand.com/product/94,,,,,catalog,,,,,,,,,,,,,,,,,,,,,,,,,,,,,,,catalog_only,2025-09-10T20:58:34.309986,False
other_brand_095,Other_Brand,other_brand,Other_Brand Product 95,https://www.other_brand.com/product/95,,,,,catalog,,,,,,,,,,,,,,,,,,,,,,,,,,,,,,,catalog_only,2025-09-10T20:58:34.309986,False
other_brand_096,Other_Brand,other_brand,Other_Brand Product 96,https://www.other_brand.com/product/96,,,,,catalog,,,,,,,,,,,,,,,,,,,,,,,,,,,,,,,catalog_only,2025-09-10T20:58:34.309986,False
other_brand_097,Other_Brand,other_brand,Other_Brand Product 97,https://www.other_brand.com/product/97,,,,,catalog,,,,,,,,,,,,,,,,,,,,,,,,,,,,,,,catalog_only,2025-09-10T20:58:34.309986,False
other_brand_098,Other_Brand,other_brand,Other_Brand Product 98,https://www.other_brand.com/product/98,,,,,catalog,,,,,,,,,,,,,,,,,,,,,,,,,,,,,,,catalog_only,2025-09-10T20:58:34.309986,False
other_brand_099,Other_Brand,other_brand,Other_Brand Product 99,https://www.other_brand.com/product/99,,,,,catalog,,,,,,,,,,,,,,,,,,,,,,,,,,,,,,,catalog_only,2025-09-10T20:58:34.309986,False
other_brand_100,Other_Brand,other_brand,Other_Brand Product 100,https://www.other_brand.com/product/100,,,,,catalog,,,,,,,,,,,,,,,,,,,,,,,,,,,,,,,catalog_only,2025-09-10T20:58:34.309986,False
